3350 5284
812 429 1024 491 ,34-

379 577 413 644 Si
436 589 543 643 autem
566 601 691 645 revera
712 584 890 648 voluissent
910 581 1127 646 Athenienses
1149 603 1206 646 eos
1229 583 1370 646 eximere
1386 603 1404 645 e
1420 582 1557 664 reliquis

294 705 403 760 casus,
431 685 484 749 ubi
511 685 600 767 ipse
626 688 697 769 quis
725 710 883 753 venenum
913 688 1068 763 dedisset,
1097 697 1166 751 turn
1194 698 1229 752 ut
1258 690 1373 771 opinor
1402 709 1465 750 non
1495 689 1550 752 oh

294 811 385 855 scure
407 792 465 854 sed
489 791 655 855 luculentis
677 793 783 857 verbis
805 795 975 856 dixissent:
1000 788 1058 857 ἐάν
1077 817 1128 872 τις
1144 784 1321 881 ἀποκτείνῃ
1345 789 1420 872 δοὺς
1444 785 1550 872 αύυός.

378 897 468 977 Ergo
497 896 577 973 haec
606 898 737 978 quidem
768 921 832 963 non
861 900 999 962 vincunt.
1043 899 1192 963 Noverca
1213 900 1245 962 in
1267 900 1444 981 Areopago
1468 922 1557 988 φαρ-

295 995 409 1085 μάκων
435 1010 585 1066 accusata
614 1013 679 1081 est;
711 1007 760 1069 cui
792 1005 906 1068 iudicio
932 1005 1040 1068 omnia
1069 1015 1258 1087 competunt
1287 1005 1418 1068 crimina
1440 1016 1553 1067 contra

295 1109 394 1171 vitam
417 1105 563 1181 hominis,
587 1127 671 1188 quae
694 1120 767 1173 sunt
789 1130 864 1173 cum
883 1109 990 1173 malo
1013 1109 1112 1172 dolo
1126 1111 1308 1173 commissa.
1346 1110 1458 1190 Atque
1472 1110 1556 1173 haec

295 1212 425 1295 quidem
457 1212 498 1274 de
527 1212 707 1276 voluntario
729 1208 928 1298 βουλεύσεως
948 1235 1065 1297 genere
1088 1216 1183 1277 etde
1205 1215 1393 1297 Areopago

380 1339 596 1401 Transeamus
619 1359 702 1403 nunc
724 1341 765 1402 ad
781 1340 917 1403 alterum
933 1361 1035 1422 genus
1049 1341 1117 1404 sine
1132 1339 1219 1403 malo
1233 1340 1311 1402 dolo
1326 1339 1533 1403 commissum
1542 1358 1556 1416 ;

296 1445 385 1527 quod
406 1445 536 1526 quidem
556 1464 599 1506 ex
620 1446 782 1520 universa,
813 1466 911 1528 quam
933 1447 1080 1510 novimus
1102 1447 1165 1508 iarn
1188 1445 1390 1508 distinctione
1409 1443 1558 1507 Palladio

297 1551 395 1615 debet
417 1549 596 1614 convenire.

381 1653 515 1718 Summa
542 1664 651 1718 autem
680 1657 712 1719 in
733 1656 794 1719 hac
816 1677 851 1719 re
873 1653 1044 1720 difficultas
1066 1656 1172 1738 posita
1194 1664 1244 1719 est
1262 1655 1294 1718 in
1316 1674 1365 1725 eo,
1389 1675 1465 1718 num
1485 1674 1555 1717 orn·

297 1763 373 1825 nino
396 1760 530 1843 cogitari
560 1761 631 1840 quis
660 1762 763 1843 possit
791 1755 970 1845 βουλεύσας
997 1761 1192 1824 interfecisse
1222 1760 1310 1823 sine
1332 1759 1559 1822 voluntate

299 1861 497 1948 (ἀκουσίως).
534 1866 689 1929 Exercuit
709 1865 856 1929 homines
876 1867 990 1929 doctos
1004 1867 1045 1930 de
1060 1865 1121 1929 hac
1139 1867 1356 1930 controversia
1370 1865 1560 1928 dubitantes

298 1969 452 2054 imprimis
475 1969 685 2053 Antiphontis
707 1992 752 2035 or.
778 1971 847 2053 (VI)
870 1971 911 2033 de
933 1972 1103 2049 choreuta;
1127 1991 1266 2055 namque
1289 1972 1331 2034 ibi
1352 1973 1437 2035 idem
1452 1971 1557 2034 homo

297 2078 338 2141 ab
368 2076 481 2139 iisdem
503 2086 536 2139 et
558 2069 734 2159 βουλεύσας
756 2077 788 2159 (ξ
814 2077 864 2157 16)
886 2077 998 2140 dicitur
1020 2075 1213 2142 interfecisse
1236 2085 1269 2142 et
1291 2068 1366 2142 ύυευ
1394 2073 1561 2162 προνοίας

298 2185 330 2264 (5
349 2183 409 2263 19).
445 2180 534 2243 Dum
549 2178 715 2264 βουλεύειν
731 2182 927 2246 intellectum
942 2192 991 2245 est
1005 2211 1047 2236 =
1066 2182 1243 2258 »incitare«,
1267 2183 1556 2246 contradictionem

298 2308 337 2351 ea
358 2287 456 2350 verba
478 2286 645 2368 proferunt
663 2297 818 2370 apertam,
843 2288 875 2349 id
897 2288 984 2367 quod
1006 2307 1105 2368 supra
1124 2288 1342 2350 demonstravi
1365 2290 1409 2371 (p.
1429 2287 1467 2369 3).
1505 2286 1556 2349 In·

298 2393 406 2455 citatio
429 2393 496 2454 sine
518 2393 684 2457 voluntate
705 2414 778 2456 esse
800 2393 932 2455 omnino
947 2391 1033 2454 nulla
1048 2401 1173 2474 potest;
1196 2413 1300 2475 neque
1316 2393 1411 2474 igitur
1425 2391 1560 2475 placent

300 2495 431 2560 artificia
454 2497 569 2578 quibus
592 2498 643 2560 alii
666 2498 756 2562 aliter
777 2497 947 2561 conciliare
969 2517 1008 2560 ea
1023 2499 1103 2560 inter
1117 2517 1152 2560 se
1167 2498 1274 2560 conati
1289 2498 1401 2578 sunt1).
1441 2495 1554 2559 Solam

300 2623 384 2685 quae
406 2601 478 2666 ferri
500 2603 606 2684 potuit
627 2601 802 2666 solvendae
824 2603 916 2665 huius
938 2601 1133 2665 difficultatis
1150 2602 1235 2664 viam
1258 2601 1407 2665 indicavit
1432 2600 1559 2664 Boeck-

298 2710 368 2772 hius
399 2709 473 2789 (ind.
497 2707 602 2770 Berol.
631 2706 739 2790 18²⁶f27)
763 2757 769 2770 .
794 2706 982 2789 Suspicatur
1008 2707 1061 2770 ille
1090 2728 1124 2770 re
1152 2728 1229 2770 vera
1256 2709 1394 2790 primurn
1423 2707 1558 2788 quidem

299 2823 502 2876 accusatores
518 2814 724 2887 concessisse,
741 2832 839 2876 casu
855 2822 993 2875 mortem
1008 2813 1098 2895 pueri
1113 2813 1280 2889 accidisse;
1295 2832 1434 2894 namque
1445 2811 1556 2874 statim

298 2929 374 3001 post
409 2926 548 2980 mortem
581 2918 715 2981 Diodoti
750 2918 858 2999 pacati
890 2926 982 2980 erant
1012 2919 1046 2999 (ξ
1069 2919 1138 2998 39);
1171 2928 1287 3000 postea
1316 2937 1394 2980 vero
1428 2925 1556 2979 mutata

302 3024 459 3088 sententia
488 3023 648 3086 actionem
688 3023 860 3087 instituisse
892 3043 965 3097 eos,
1002 3033 1175 3105 arguentes
1209 3043 1299 3086 reum
1335 3013 1561 3106 βουλεύσαντα

303 3129 437 3193 Diodoti
470 3136 609 3192 mortem
637 3127 821 3210 effecisse2).
874 3108 931 3190 Sic
956 3128 1114 3191 conciliari
1143 3128 1278 3191 fortasse
1307 3137 1442 3209 possunt
1470 3145 1561 3209 quae

300 3235 449 3296 dixerant
485 3233 656 3295 adversarii
686 3235 706 3313 β
739 3223 838 3296 Ιὸὀῑ
871 3249 924 3312 ι9;
954 3241 1052 3313 atque
1081 3234 1152 3296 sola
1179 3232 1260 3296 haec
1288 3233 1347 3297 erit
1376 3233 1466 3306 ratio,
1496 3233 1555 3294 nisi

301 3339 382 3403 forte
405 3337 476 3419 quis
506 3357 579 3400 cum
608 3336 793 3418 Wagenero
826 3337 868 3399 ad
900 3338 933 3400 id
962 3339 1050 3419 quod
1080 3358 1243 3420 nunquam
1271 3336 1379 3401 deficit
1406 3337 1559 3399 ultimum

300 3445 424 3527 refugit,
453 3453 489 3507 ut
517 3451 620 3505 totam
650 3443 826 3506 orationem
856 3442 976 3505 insulso
1005 3442 1124 3506 tribuat
1153 3443 1290 3521 falsario,
1320 3443 1371 3507 cui
1393 3440 1481 3505 nulla
1500 3443 1554 3506 ah

299 3551 435 3614 surditas
469 3567 535 3611 non
566 3546 668 3630 possit
700 3546 848 3629 imputari
857 3548 887 3628 ³).
948 3547 1040 3611 Haec
1073 3548 1202 3630 quidem
1236 3549 1393 3611 sententia
1426 3546 1559 3622 nemini,

387 3803 408 3869 1)
428 3805 518 3854 Velut-z
551 3806 727 3865 Schoemann,
756 3805 869 3855 Berliner
892 3807 979 3870 Jahrb,
1005 3806 1023 3857 f.
1047 3806 1192 3856 wissensch.
1215 3805 1308 3856 Kritile
1351 3803 1415 3868 1839
1439 3822 1466 3869 p.
1490 3818 1559 3868 494t

302 3894 387 3944 »nicht
411 3893 485 3943 allein
503 3893 652 3959 Austiftung
668 3892 738 3942 einer
757 3893 886 3943 tddlichen
904 3893 1046 3959 Handlung
1064 3895 1175 3944 sondern
1193 3894 1341 3958 Anstiftung
1361 3893 1430 3943 einer
1450 3893 1555 3943 solchen

300 3983 451 4047 Handlung,
469 3983 509 4031 die
525 3983 593 4032 ohne
605 3981 731 4047 geradezu
743 3981 839 4030 rodlich
852 3998 881 4031 zu
893 3982 946 4031 sein
958 3983 1011 4031 und
1023 3983 1091 4032 ohne
1104 3984 1182 4033 selbst
1191 3984 1241 4033 deu
1250 3983 1308 4031 Tod
1319 3999 1350 4031 zu
1359 3982 1509 4032 bezwecken
1521 4007 1558 4019 -·

300 4071 419 4121 dennoch
445 4069 589 4136 zufitllig
615 4071 669 4120 und
696 4070 775 4119 durch
801 4071 1021 4120 Hinzutreten
1045 4071 1398 4134 unvorhergesehener
1422 4068 1562 4118 Zufr'rlle

299 4161 349 4209 den
368 4160 427 4208 Tod
451 4176 494 4209 zur
510 4160 591 4224 Polge
609 4159 703 4223 gehabt
721 4158 789 4209 hat«.
825 4159 895 4222 Quid
913 4159 956 4217 ita,
976 4158 1053 4218 dicas,
1074 4176 1126 4208 non
1144 4167 1181 4208 est
1197 4153 1355 4222 βσύλευσιςλ

385 4247 407 4313 ²)
425 4250 569 4298 Maetznero
590 4245 706 4312 (Antiph.
726 4246 786 4313 260)
803 4248 925 4312 probatur
942 4247 1064 4296 Boeckhii
1082 4248 1211 4299 sententia.

386 4335 407 4402 3)
425 4338 562 4418 Wagener,
582 4323 666 4386 Etude
684 4353 726 4386 sur
744 4335 929 4386 l¹authenticite
952 4335 987 4384 du
1001 4336 1113 4385 discours
1130 4337 1292 4403 d’Antiphon
1309 4353 1339 4388 π.
1357 4353 1380 4386 τ.
1393 4352 1457 4404 χορ.
1470 4351 1496 4399 p.
1512 4345 1556 4399 15:

296 4424 328 4488 Je
352 4439 384 4473 ne
408 4425 464 4474 vois
487 4434 565 4490 quant
590 4421 605 4474 λ
627 4425 679 4474 moi
703 4441 784 4475 aucun
808 4440 899 4486 moyen
922 4424 1047 4474 rationnel
1071 4424 1103 4474 de
1127 4425 1201 4474 sortir
1224 4425 1256 4474 de
1280 4432 1345 4474 cette
1363 4421 1560 4474 contradiction.
