3350 5284
825 448 1039 510 ..28-

303 617 392 692 ideo,
427 618 502 698 quia
530 615 727 678 clandestina
755 615 891 678 sortasse
919 625 1017 698 atque
1045 617 1195 682 insidiosa
1223 620 1347 684 ratione
1376 621 1478 699 magis
1506 640 1561 683 res

303 733 436 807 peracta
472 729 539 784 erat
576 740 673 802 quam
707 721 738 781 vi
770 719 938 784 manifesta
966 731 999 785 et
1028 725 1174 785 cruenta!
1213 723 1314 806 Quasi
1343 725 1442 789 levius
1471 734 1560 789 esset

302 829 439 902 crimen,
477 825 634 888 inclusum
670 824 809 905 aliquem
847 825 931 888 fame
966 827 1072 889 necari
1106 827 1288 909 longinquis
1316 839 1349 892 et
1377 829 1561 893 inhumanis

303 932 468 997 doloribus
497 950 688 1013 oppressum
697 930 729 1012 ¹).
778 930 864 993 Nihil
893 931 933 994 ad
953 951 1113 994 summam
1135 952 1203 995 rem
1225 933 1299 997 facit
1322 936 1437 997 modus
1464 936 1561 999 inter·

303 1038 443 1112 ficiendi,
475 1057 540 1099 non
569 1037 673 1099 minus
704 1034 774 1118 quis
802 1036 956 1099 scelestus
982 1037 1109 1100 videtur
1136 1038 1202 1100 sive
1230 1039 1399 1104 trucidavit
1420 1041 1561 1104 alterum

303 1165 367 1208 uno
390 1143 463 1217 ictu,
494 1143 561 1205 sive
590 1149 729 1204 mortem
758 1141 787 1203 ei
816 1141 941 1223 paravit
962 1142 1109 1206 dolosam
1131 1163 1190 1205 nec
1211 1146 1410 1227 repentinam
1431 1156 1486 1209 aut
1507 1166 1563 1208 ac-

303 1249 468 1314 cusatione
498 1247 577 1310 falsa
606 1255 661 1309 aut
691 1245 772 1308 falso
794 1246 979 1310 testimonio
1000 1256 1056 1311 aut
1077 1248 1189 1330 quavis
1210 1251 1333 1313 ratione
1356 1251 1426 1314 alia.
1470 1250 1562 1314 Nihil

303 1357 401 1419 etiam
428 1356 579 1418 interesse
608 1352 696 1416 iubet
722 1351 813 1415 Plato
844 1353 901 1416 nisi
924 1353 1072 1417 minutias
1093 1355 1272 1436 quasdam:
1290 1355 1350 1436 leg.
1373 1356 1421 1419 IX
1443 1358 1502 1437 872
1521 1378 1560 1419 a:

305 1456 363 1529 ἐὰν
385 1459 422 1527 δὲ
445 1449 595 1542 αὐτόχειρ
616 1455 676 1539 μὲν
689 1457 742 1538 μή,
765 1450 973 1543 βουλεύσῃ
996 1457 1034 1523 δὲ
1049 1451 1193 1524 θάνατόν
1205 1483 1257 1538 τις
1271 1451 1371 1539 ύλλος
1385 1459 1483 1547 ἑτέρῳ
1496 1461 1560 1527 καὶ

303 1569 343 1655 τῇ
370 1563 522 1649 βουλήσει
552 1585 587 1628 τε
608 1561 666 1629 καί
690 1555 920 1645 ἐπιβουλεύσει
942 1553 1140 1643 ἀποκτείνας
1159 1559 1268 1644 αἴτιος
1289 1556 1333 1631 ὢν
1355 1565 1411 1632 καί
1433 1567 1477 1652 μὴ
1497 1591 1560 1631 κα·
1662 1600 1663 1637 ι

304 1665 411 1757 θαρός
432 1666 489 1757 τὴν
516 1670 621 1753 ψυχὴν
641 1669 700 1732 τοῦ
722 1664 823 1751 φόνου
847 1663 881 1732 ἐν
902 1662 1000 1734 πόλει
1024 1665 1142 1756 ἐνοικῇ,
1173 1669 1355 1754 γιγνέσθων
1376 1671 1433 1738 καί
1454 1667 1561 1758 τούτῳ

304 1773 409 1846 κατὰ
430 1768 559 1842 ταύτὰ
581 1770 615 1838 αλ
641 1769 764 1857 κρίσεις
784 1765 908 1837 τούτων
929 1771 1007 1858 πέρι
1023 1769 1110 1862 πλήν
1124 1777 1181 1862 τῆς
1196 1772 1317 1862 ἐγγύης.
1353 1776 1408 1839 cir.
1425 1777 1558 1840 Lucian.

303 1883 512 1966 tyrannicida.
553 1880 625 1961 Bip.
647 1887 669 1942 t.
693 1877 741 1940 IV
763 1879 840 1956 318:
872 1873 983 1957 αἰτίας
1008 1878 1156 1946 θανάτου
1185 1873 1270 1945 εἶναι
1299 1875 1410 1960 διττάς
1425 1903 1431 1944 :
1448 1876 1483 1946 εἴ
1505 1905 1561 1959 τις

305 1983 402 2067 αὐτὸς
434 1979 604 2051 ἀπέκτεινε
626 1975 646 2070 ἢ
669 1976 704 2048 εί
730 2005 780 2060 τις
801 1976 847 2069 μὴ
877 1975 973 2062 αὐτὸς
1000 1982 1060 2066 μὲν
1092 1977 1265 2050 ἀπέκτεινε
1291 1985 1375 2071 μηδὲ
1402 1988 1442 2074 τῇ
1471 1986 1559 2072 χεγρὶ

305 2091 423 2178 ἔδρασε
452 2085 490 2158 ud
520 2087 621 2175 ἔργον,
655 2079 815 2171 ἠνάγκασε
846 2086 884 2153 δὲ
913 2087 971 2153 καί
994 2088 1157 2173 παρέσχεν
1178 2082 1327 2176 ἀφορμὴν
1347 2094 1405 2158 τοῦ
1426 2090 1558 2176 φόνου.

303 2196 345 2267 τὰ
375 2195 434 2265 λ’σα
462 2197 518 2263 καί
549 2197 662 2261 τοῦτον
690 2186 782 2272 ἀξιοῖ
812 2185 830 2258 ὁ
859 2190 958 2274 νόμος
979 2187 1265 2276 ἀντικολάζεσθαι.
1309 2198 1456 2279 Integrae
1482 2193 1559 2286 »φιλ

187 2359 193 2372 .
304 2330 377 2373 von«
403 2305 492 2386 leges
520 2301 552 2363 in
581 2319 656 2362 eum
679 2317 808 2379 quoque
830 2299 939 2363 valent
960 2299 1015 2380 qui
1036 2296 1215 2385 βουλεύσας
1235 2301 1392 2366 interfecit
1413 2312 1447 2366 et
1468 2305 1559 2386 apud

304 2410 520 2475 Athenienses
542 2414 575 2468 et
597 2404 682 2486 apud
703 2423 762 2465 nos
785 2413 817 2466 et
840 2405 926 2487 apud
950 2407 1096 2486 quamvis
1117 2406 1212 2469 aliam
1228 2416 1358 2488 gentem
1375 2409 1425 2471 cui
1439 2409 1559 2471 iustitia

244 2599 246 2605 .
304 2517 392 2582 cordi
422 2524 471 2578 est
500 2521 598 2593 atque
627 2508 781 2589 aequitas.

387 2621 476 2701 Ergo
500 2619 553 2699 qui
576 2616 698 2679 ratione
718 2634 782 2676 non
805 2614 973 2679 manifesta
994 2615 1150 2680 interfecit
1170 2612 1335 2701 (καθαρὸς
1354 2611 1412 2695 τὰς
1434 2619 1557 2701 χεῖρας)

304 2727 403 2790 modo
428 2723 595 2788 consilium
622 2719 767 2802 habuerit
791 2718 1008 2811 interficiendi,
1032 2730 1160 2803 praeter
1175 2743 1306 2786 omnem
1324 2722 1559 2786 dubitationem

303 2836 345 2898 ad
368 2828 585 2912 Areopagitas
607 2824 813 2888 deducendus
835 2834 894 2887 est.
931 2825 1019 2887 Bene
1041 2827 1159 2890 cedunt
1174 2849 1225 2892 res
1241 2849 1284 2891 ex
1299 2828 1361 2891 hac
1375 2828 1556 2890 sententia:

304 2942 384 3003 duas
405 2935 562 2998 habemus
583 2931 664 2994 tales
686 2931 828 2992 actiones
849 2931 891 2992 ad
915 2929 1128 3012 Areopagum
1153 2953 1187 2995 re
1212 2954 1288 2996 vera
1310 2933 1430 2996 illatas:
1460 2933 1556 2995 Dem.
1664 2966 1665 2979 ι

305 3059 354 3127 54,
379 3057 417 3122 25
441 3047 585 3103 narratur
614 3045 705 3118 pater
727 3036 902 3099 sacerdotis
924 3035 1136 3100 Brauronicae
1157 3057 1229 3100 reus
1252 3037 1355 3101 factus
1377 3058 1457 3113 esse,
1483 3058 1557 3101 cum

304 3149 457 3214 mandato
472 3145 561 3208 alteri
577 3143 654 3205 dato
665 3141 794 3203 tertium
806 3141 966 3220 quendam
977 3140 1229 3206 interficiendum
1239 3143 1428 3220 curavisset;
1445 3152 1559 3206 auctor

303 3256 411 3320 caedis
433 3250 599 3315 habendus
621 3256 671 3310 est
687 3243 881 3328 βουλεύσας;
911 3246 1063 3327 quoniam
1085 3267 1150 3310 non
1171 3249 1476 3331 imprudenter,
1500 3250 1557 3311 sed

303 3355 594 3425 cumconsilio
616 3351 765 3415 videlicet
785 3351 926 3414 incitavit
949 3350 1093 3426 alterum,
1120 3354 1207 3435 apud
1228 3354 1446 3436 Areopagitas
1468 3373 1559 3416 accu-

303 3467 421 3531 sandus
457 3469 541 3538 erat;
577 3457 665 3538 quod
697 3477 732 3519 re
765 3477 842 3520 vera
879 3455 999 3520 factum
1035 3477 1107 3520 esse
1144 3456 1312 3522 luculentis
1343 3457 1449 3521 verbis
1481 3458 1559 3521 dicit

302 3570 554 3634 Demosthenes:
575 3558 652 3631 τὸν.
671 3612 677 3624 .
697 3612 702 3624 .
718 3570 774 3641 τῆς
794 3558 1033 3646 Βραυρώνοθεν
1055 3557 1175 3645 ἱερείας
1190 3565 1318 3647 πατέρα
1334 3614 1341 3628 .
1360 3560 1560 3645 ..ἐξέβαλεν

303 3667 324 3763 ἡ
345 3674 444 3759 βουλὴ
466 3665 485 3759 ἡ
508 3665 718 3755 ε’ξἈρείου
741 3659 885 3750 πάγου.

389 3786 525 3869 Philippi
553 3785 685 3868 quidem
715 3783 765 3845 cui
787 3781 960 3844 molestum
986 3789 1036 3843 est
1056 3779 1119 3843 hoc
1145 3780 1374 3858 testimonium,
1403 3782 1557 3863 quoniam

302 3890 473 3980 βούλευσιν
495 3911 624 3954 omnem
646 3888 788 3952 Palladio
810 3887 981 3950 tribuit-
1003 3884 1140 3967 Philippi
1159 3906 1219 3949 nos
1241 3887 1338 3951 docet
1350 3886 1452 3948 virum
1468 3885 1559 3950 illum

303 4022 346 4064 ex
368 3997 640 4080 Areopagitarum
664 3993 802 4075 collegio
824 4004 895 4055 esse
917 3991 1138 4073 eiectum²);
1167 4012 1231 4054 non
1253 3991 1466 4072 intellegenda
1486 4012 1560 4056 esse

390 4188 410 4253 ¹)
429 4189 480 4238 Od.
501 4209 533 4259 μ.
552 4199 616 4250 342:
638 4179 741 4242 πάντες
758 4181 812 4252 μὲν
831 4184 960 4250 στυγεροὶ
978 4175 1099 4234 θάνατοι
1116 4181 1233 4234 δειλοῖσι
1244 4183 1389 4251 βροτοῖσιν
1403 4176 1408 4246 Ι
1424 4180 1515 4249 λιμῷ
1533 4177 1558 4231 δ’

302 4281 445 4330 οἴκτιστον
467 4279 580 4328 θανέειν
602 4277 648 4326 καλ
673 4267 785 4342 πότμον
803 4270 943 4322 ἐπισπεῖν.
979 4270 1185 4336 Thuc.11159:
1212 4264 1347 4339 εἱλόμεθα
1367 4260 1423 4338 γὰρ
1445 4259 1481 4318 ἂν
1501 4263 1559 4337 πρό

302 4381 336 4434 γε
355 4360 456 4418 τούτου
473 4364 512 4432 τῷ
530 4366 665 4430 αἰσχίστῳ
684 4358 791 4430 ὀλέθρῳ
809 4361 880 4429 λιμῷ
896 4360 1067 4423 τελευτῆσαι.

387 4455 409 4520 ²)
428 4457 522 4521 Areop.
542 4469 568 4503 u,
590 4452 657 4517 Eph.
675 4461 717 4513 47.
754 4443 896 4514 ἐκβάλλειν
920 4448 957 4497 de
981 4447 1148 4497 iudicibus
1170 4462 1281 4510 poenam
1298 4445 1365 4495 exilii
1389 4445 1559 4496 statuentibus
