3350 5284
163 1756 184 1797 n
207 1756 246 1800 ea
267 1737 341 1800 iuris
364 1739 451 1801 attici
473 1747 565 1820 parte
588 1756 671 1820 quae
694 1737 735 1798 ad
758 1738 875 1803 caedes
903 1739 1040 1819 pertinet
1069 1748 1103 1801 et
1122 1738 1379 1802 testimoniorum

120 1730 160 1926 Ι
183 1841 308 1923 plenior
337 1861 435 1923 quam
465 1844 496 1906 in
526 1842 654 1925 reliquis
683 1843 825 1924 suppetit
855 1842 1017 1919 materies,
1045 1863 1150 1926 neque
1179 1843 1279 1906 defuit
1308 1843 1382 1906 huic

120 1946 306 2026 provinciae
346 1948 517 2011 doctorum
552 1949 719 2011 hominum
756 1948 896 2010 studium
936 1956 991 2010 aut
1025 1948 1176 2016 sollertia.
1230 1947 1379 2029 Quorum

120 2051 249 2113 acribus
285 2061 319 2114 et
354 2053 560 2134 diligentibus
592 2053 831 2137 quaestionibus
861 2072 1057 2135 quamquam
1087 2051 1207 2116 fructus
1235 2055 1299 2116 iam
1327 2055 1380 2116 de-

120 2157 238 2219 bemus
272 2177 337 2220 non
369 2160 577 2240 spernendos,
610 2168 721 2222 tamen
739 2157 887 2220 multum
919 2158 1025 2221 adhuc
1054 2158 1146 2222 abest
1175 2168 1211 2222 ut
1238 2159 1280 2221 ad
1304 2179 1380 2222 eum

121 2259 221 2324 finem
252 2274 443 2345 perventum
479 2266 529 2340 sit,
564 2265 596 2327 in
625 2284 690 2346 quo
722 2271 799 2346 post
835 2283 903 2325 rem
939 2262 1119 2326 confectam
1155 2263 1249 2327 liceat
1284 2265 1378 2328 nobis

122 2368 339 2447 acquiescere.
363 2407 402 2418 -

209 2472 370 2555 Imprimis
400 2495 463 2537 una
493 2495 543 2537 res
572 2474 667 2537 elusit
688 2481 836 2536 strenuos
867 2474 921 2555 qui
941 2473 973 2535 in
995 2493 1034 2536 ea
1057 2472 1317 2566 impenderentur
1339 2474 1381 2537 la·

121 2578 220 2640 bores
245 2580 514 2661 pertinaciterque
543 2580 574 2641 in
603 2599 727 2642 errores
756 2587 789 2641 et
809 2576 903 2640 devia
924 2578 1059 2640 deduxit
1080 2598 1193 2641 omnes
1223 2579 1276 2661 qui
1309 2600 1381 2643 eam

121 2693 407 2766 persequerentur;
431 2679 631 2767 βουλεύσεως
651 2684 724 2747 dico
747 2685 917 2757 actionem,
940 2703 1023 2764 quae
1045 2703 1089 2746 ex
1110 2684 1242 2764 antiqua
1264 2683 1381 2749 forensi

122 2790 354 2853 consuetudine
390 2790 577 2853 insidiosum
616 2789 735 2871 aliquid
768 2797 866 2871 atque
898 2787 1057 2870 perfidum
1089 2807 1191 2869 usque
1224 2791 1266 2852 ad
1296 2792 1382 2854 hunc

122 2893 210 2956 diem
232 2895 359 2958 videtur
380 2895 439 2959 sibi
461 2897 635 2959 retinuisse.
672 2894 732 2958 Sat
754 2894 875 2957 multae
896 2914 934 2956 ac
955 2893 1101 2957 diversae
1122 2895 1163 2957 de
1183 2914 1222 2957 ea
1236 2895 1381 2977 prolatae

122 3009 198 3062 sunt
225 3001 409 3082 opiniones,
439 3012 579 3083 postque
606 3001 721 3081 longas
749 3001 881 3062 demum
909 2999 1126 3062 dubitationes
1157 3020 1196 3062 ea
1232 3002 1382 3065 omnibus

121 3104 262 3186 probata
277 3116 327 3168 est
341 3107 508 3182 sententia,
525 3127 623 3189 quam
637 3107 760 3188 primus
775 3104 910 3187 protulit
924 3103 1257 3187 Forchhammenrs1)‚
1281 3126 1379 3187 quarn

123 3211 316 3274 novissimus
347 3212 501 3294 exposuit
531 3221 629 3293 atque
660 3211 837 3274 uberrimus
866 3208 1003 3292 Philippi
1011 3209 1046 3292 ²).
1089 3209 1143 3273 Ex
1164 3209 1226 3274 hac
1246 3213 1379 3290 vulgata

122 3317 283 3380 sententia
304 3355 343 3364 —
369 3336 452 3396 quae
474 3317 550 3379 mihi
572 3317 702 3398 quidem
728 3337 770 3378 ex
791 3314 940 3378 omnibus
962 3314 1147 3396 longissime
1168 3335 1188 3379 a
1205 3337 1283 3379 vero
1298 3318 1381 3381 vide-

122 3429 175 3483 tur
193 3420 308 3484 abesse
327 3459 368 3468 —
389 3415 589 3505 βουλεύσεως
609 3422 728 3484 crimen
750 3421 835 3482 idem
859 3430 908 3482 est
928 3420 1016 3501 quod
1038 3421 1125 3502 apud
1147 3442 1207 3484 nos
1227 3432 1379 3485 vocatur:

126 3525 372 3616 »intellectuelle
393 3509 676 3591 Urhebersc‘haft«.

208 3631 283 3694 Hoc
306 3633 439 3694 actionis
459 3653 578 3694 nomen
599 3631 753 3713 quoniam
775 3651 793 3694 e
816 3639 927 3693 nostro
949 3631 1016 3692 iure
1039 3631 1241 3713 deprompsit
1262 3631 1380 3694 Forch-
1418 3662 1421 3667 >

122 3733 325 3811 hammerus,
353 3758 419 3800 non
449 3738 608 3801 immerito
637 3737 776 3800 indidem
807 3735 951 3798 definitio
981 3755 1111 3817 quoque
1139 3735 1222 3799 illius
1242 3736 1381 3798 criminis

121 3841 250 3905 videtur
271 3862 342 3906 esse
365 3844 548 3927 repetenda.
584 3842 731 3906 Habetur
750 3851 859 3904 autem
878 3850 1008 3904 »auctor
1021 3839 1259 3904 intellectualis‹
1284 3841 1311 3903 is
1326 3843 1380 3923 qui

123 3947 322 4029 excogitavit
351 3949 480 4030 quidem
510 3947 657 4012 facinoris
685 3947 863 4022 consilium,
900 3947 986 4009 idem
1014 3955 1124 4008 autem
1152 3967 1217 4009 non
1245 3945 1381 4029 perfecit

122 4055 209 4135 ipse;
248 4056 423 4135 respondet
455 4057 483 4117 ei
523 4064 653 4118 »auctor
689 4053 882 4136 physicus«,
921 4052 975 4132 qui
1015 4053 1162 4114 incitatus
1196 4052 1238 4115 ab
1278 4052 1380 4114 altero

122 4158 353 4240 perficiendum
380 4160 501 4223 facinus
532 4160 673 4241 suscepit
694 4159 869 4242 prudenter
889 4166 987 4237 atque
1009 4157 1248 4220 cumconsilio.
1289 4157 1380 4238 Ergo

210 4370 231 4437 ¹)
248 4373 289 4421 De
306 4374 400 4438 Areop.
418 4389 471 4422 non
489 4371 554 4437 priv.
591 4370 674 4420 Kiliae
695 4370 767 4430 1828,
788 4387 813 4434 p.
832 4383 875 4432 31.

209 4459 232 4526 ²)
249 4463 371 4527 Areopag
390 4479 417 4511 u.
431 4461 555 4526 Epheteu.
593 4459 678 4509 Berlin
700 4458 773 4519 1874,
793 4475 819 4522 p.
838 4468 950 4520 29-51,

174 4557 297 4598 Passow.
