3350 5284
658 446 870 492 -21-

124 607 218 669 idem
247 602 399 667 accidisse
422 602 453 663 in
476 599 593 664 forensi
621 598 870 662 Atheniensium
891 621 967 677 usu;
998 610 1103 664 utrum
1127 623 1206 668 vero
1227 595 1296 687 ipse
1318 609 1389 688 quis

126 732 175 774 an
196 730 255 793 per
276 709 373 772 alium
396 706 557 786 quendam
581 714 719 768 mortem
741 705 891 782 effecerit,
911 707 943 770 id
960 727 1065 790 neque
1081 707 1248 773 aPlatone
1262 720 1390 774 curatur

127 836 238 899 neque
260 815 292 877 in
314 811 440 893 legibus
462 811 707 874 Atheniensium
729 831 881 892 unquam.

221 1262 328 1344 Quem
357 1260 465 1322 locum
495 1259 526 1320 in
556 1258 675 1322 iudiciis
697 1256 816 1322 habeat
845 1281 884 1322 ea
913 1280 1011 1341 quam
1040 1262 1193 1344 descripsi
1222 1253 1392 1344 βοάλευσις

127 1371 315 1448 longiorem
334 1366 393 1428 sibi
412 1363 556 1447 postulat
569 1365 828 1446 disputationem.
862 1365 966 1429 Nobis
979 1376 1067 1430 certe
1082 1367 1136 1450 qui
1150 1366 1256 1430 solum
1271 1365 1391 1430 facturn

125 1493 283 1538 curamus
314 1491 443 1551 unoque
472 1469 718 1551 complectimur
745 1471 876 1534 nomine
905 1471 1025 1552 (Mord)
1055 1492 1167 1534 omnes
1189 1480 1223 1534 et
1244 1480 1392 1534 cruentas

124 1581 250 1644 caedes
272 1586 305 1640 et
326 1597 390 1639 non
411 1583 568 1650 cruentas,
592 1574 685 1637 nobis
714 1576 859 1638 videatur
890 1577 1015 1652 mirum,
1040 1578 1128 1659 quod
1153 1597 1218 1639 non
1243 1586 1390 1639 cruentas

130 1685 349 1749 distinxerunt
370 1679 594 1756 Athenienses,
626 1680 713 1761 quod
736 1681 900 1744 distinctas
922 1683 1052 1765 propria
1074 1681 1146 1761 lege
1169 1683 1327 1744 iusserunt
1348 1683 1392 1744 di-

126 1791 320 1854 iudicandas
341 1788 517 1850 secundum
539 1785 628 1868 leges
651 1806 733 1867 quae
756 1794 896 1850 statutae
916 1797 1007 1850 erant
1024 1789 1056 1850 in
1070 1797 1234 1865 cruentam
1250 1788 1392 1852 caedem.

220 1893 305 1957 Infra
326 1895 367 1956 de
389 1893 504 1955 haere
526 1879 684 1969 dice‘mus;
716 1911 798 1954 nunc
821 1913 840 1954 e
861 1914 895 1956 re
917 1893 1042 1956 videtur
1063 1891 1222 1975 exemplis
1237 1891 1393 1956 illustrare

129 2000 213 2064 illud
250 1999 363 2063 scelus
418 1997 528 2061 Unum
565 2005 672 2059 autem
704 2017 805 2077 usque
834 1997 1106 2061 animadvertatur
1135 1998 1232 2060 velim'
1266 1998 1345 2061 hoc:
1375 2018 1393 2060 e

131 2105 268 2188 vulgata
288 2104 437 2187 opinione
452 2103 616 2166 antithesis
631 2101 717 2188 χειρὶ
733 2143 774 2152 -
789 2097 969 2188 βουλεύσας
982 2102 1227 2184 intellegabatur
1244 2124 1250 2165 :
1267 2103 1336 2184 ipse
1351 2140 1393 2150 —

128 2231 195 2294 per
222 2209 374 2285 alterum;
406 2228 424 2271 e
453 2229 525 2270 mea
555 2218 663 2272 autem
693 2211 851 2297 sententia
880 2231 946 2272 non
965 2209 1200 2291 distinguuntur
1222 2209 1267 2271 eis
1288 2209 1394 2272 verbis

130 2317 195 2380 nisi
219 2318 303 2379 duae
324 2315 468 2378 diversae
498 2314 637 2377 rationes
665 2315 814 2391 necandi,
846 2314 1044 2395 sfferamque
1066 2334 1150 2377 nunc
1171 2313 1324 2396 exempla
1345 2325 1395 2377 sat

132 2420 247 2496 multa,
278 2420 310 2483 in
338 2419 453 2501 quibus
482 2413 662 2503 βουλεύσας
686 2419 790 2500 egisse
812 2427 926 2482 auctor
947 2421 1054 2484 caedis
1076 2419 1193 2482 nemini
1216 2419 1393 2502 negabitur,

128 2536 281 2590 attamen
302 2545 465 2607 nunquam
487 2526 573 2589 idem
595 2523 723 2587 alterius
745 2524 866 2588 auxilio
890 2546 973 2609 opus
994 2523 1135 2588 habebit.

221 2631 323 2695 Plato.
360 2630 481 2693 Politic.
518 2632 579 2710 298
609 2630 630 2693 b
673 2628 934 2694 Gubernatorum
973 2630 1196 2694 describuntur
1234 2613 1395 2693 malorum

131 2737 223 2800 mala
245 2736 387 2812 artificia,
411 2735 526 2818 quibus
548 2735 697 2798 insidiose
720 2745 752 2798 et
775 2736 893 2800 nefarie
915 2737 1051 2800 obruere
1078 2735 1224 2799 homines
1238 2744 1395 2798 conantur

134 2864 220 2926 quos
245 2843 381 2906 vehunt:
417 2841 452 2906 οἵ
468 2835 502 2906 τ’
528 2829 569 2906 αὗ
597 2843 789 2928 κυβερνῆσαι
811 2837 912 2924 μύρια
935 2838 1027 2926 ἕτερα
1048 2842 1185 2906 colubro
1207 2835 1395 2924 ἐργάζονται

137 2946 393 3025 καιαλιίπονιὲς
420 2969 455 3011 σε
484 2941 520 3012 ἔκ
548 2970 636 3024 τινος
665 2943 845 3034 ἐπιβουλῆς
874 2943 908 3012 ἐν
935 2949 1010 3025 ταῖς
1036 2939 1223 3032 ἀναγωγαῖς
1245 2939 1393 3032 ἐρήμοις·

135 3054 196 3119 καὶ
228 3049 408 3140 σφάλματα
441 3055 612 3130 ποιοῦντες
643 3051 678 3116 ἐν
709 3055 779 3130 σοῖς
807 3048 987 3137 πελάγεσιν
1016 3047 1232 3134 ἐκβάλλουσιν
1260 3044 1309 3127 εἰς
1338 3045 1397 3134 τῂν

135 3158 317 3225 θάλασσαν.
362 3157 492 3239 Quaero
515 3179 607 3232 nunc,
630 3159 657 3220 si
679 3158 876 3240 gubernator
897 3159 929 3220 in
950 3158 1078 3220 deserta
1099 3155 1201 3218 insula
1225 3155 1396 3235 reliquerat

131 3266 302 3329 hominem
318 3273 373 3327 aut
387 3263 497 3327 bestiis
510 3263 663 3345 praedam
679 3273 734 3326 aut
750 3263 835 3338 fami,
851 3283 927 3325 num
940 3260 1027 3346 χειρὶ
1042 3283 1115 3325 eum
1131 3258 1339 3324 interfecerit?
1354 3295 1395 3304 -

132 3371 286 3434 minimel
326 3407 367 3419 -
399 3388 519 3451 ergone
554 3389 613 3451 per
648 3368 821 3432 alterumil
858 3390 899 3432 ne
938 3370 1001 3431 hoc
1040 3369 1186 3450 quidcm;
1224 3373 1397 3427 cruenta

133 3476 265 3541 caede
289 3475 418 3558 quidem
440 3494 514 3536 eum
534 3494 599 3536 non
621 3474 757 3551 sustulit,
787 3474 845 3537 sed
872 3474 1005 3537 consilio
1032 3472 1147 3536 doloso
1178 3462 1392 3553 »deviationis«

132 3583 166 3646 ei
199 3583 310 3644 mortis
340 3579 396 3642 fuit
425 3588 545 3642 auctor.
587 3579 702 3659 Neque
731 3579 756 3643 si
783 3579 936 3642 effecerat
965 3588 1000 3642 ut
1029 3579 1138 3659 lapsus
1160 3577 1231 3659 quis
1253 3575 1285 3637 in
1307 3594 1396 3637 mare

132 3687 302 3751 decideret
334 3686 490 3766 undisque
528 3684 802 3762 submergeretur,
840 3693 897 3746 aut
910 3676 1009 3768 ’χειρὶ
1039 3681 1239 3746 interfecerat
1267 3688 1323 3742 aut
1345 3680 1397 3741 ad·

133 3793 267 3856 vocavit
295 3792 447 3868 alterum;
480 3811 610 3852 manum
640 3791 725 3852 enim
755 3789 886 3852 omnino
915 3809 980 3851 non
1002 3787 1119 3850 levavit
1141 3806 1246 3868 neque
1267 3784 1396 3849 alterius

132 3919 204 3980 ope
227 3919 302 3961 usus
324 3905 374 3960 est
395 3898 453 3959 sed
474 3895 626 3958 insidioso
648 3883 790 3960 consilio,

227 4004 337 4067 Aliam
372 4002 642 4067 machinationem
673 4001 823 4064 describit
851 3999 942 4062 Philo
971 3999 1038 4060 Iud.
1068 3999 1099 4060 II
1130 4014 1194 4078 324
1218 3996 1263 4062 M.
1286 3986 1397 4080 Ὀράν

132 4133 228 4194 ματα
264 4112 320 4197 γῆς
348 4103 495 4175 εἰώθασί
523 4130 607 4186 τινες
636 4095 670 4174 εὖ
699 4101 790 4190 μάλα
819 4098 979 4189 βαθύνειν
1001 4153 1009 4168 .
1035 4152 1042 4166 .
1068 4153 1074 4166 .
1106 4094 1178 4169 εἶθ’
1210 4093 1397 4182 ὑπονόμους

136 4362 283 4412 technicum
305 4379 321 4412 e
344 4361 437 4411 forensi
461 4361 571 4411 dictione
594 4359 695 4408 exhibet
718 4357 785 4406 idern
812 4355 886 4405 Philo
907 4357 935 4406 Π
958 4367 1008 4418 313
1027 4354 1071 4402 M:
1101 4347 1166 4419 οὐχὶ
1190 4348 1223 4402 τὸ
1249 4349 1398 4419 ’χειρῶν

136 4443 265 4521 άρχειν
283 4445 433 4503 aarum«
453 4449 513 4502 ἐστὶ
531 4444 677 4521 πρότερον,
699 4442 730 4497 τὸ
749 4444 779 4496 δὲ
795 4438 961 4513 ἀμύνασθαι
982 4435 1110 4511 ὕστερον;
