3350 5284
896 448 1086 508 -6-

367 617 486 698 >potuit
521 615 601 678 haec
639 637 734 679 causa
777 610 947 698 βούλευσις
987 617 1122 680 videm.
1182 616 1287 680 Multo
1330 616 1544 678 confidentius
1594 634 1620 677 er

363 721 476 802 hanc¹)
506 722 684 784 orationem
713 731 746 784 et
774 723 913 802 primam
935 722 1146 803 Antiphontis
1168 721 1211 785 illi
1232 722 1347 785 actioni
1369 721 1478 785 tribuit
1500 722 1619 784 Forch

365 826 591 906 hammerus2).

449 931 526 995 Ant.
549 930 572 994 l.
618 930 766 994 Nouerca
794 934 867 996 viris
890 953 1048 996 venenum
1071 953 1136 995 non
1157 933 1227 1014 ipsa
1248 931 1391 1006 dederat,
1414 933 1471 995 sed
1494 933 1620 1013 paelice

362 1034 505 1099 Philonei
526 1057 593 1111 usa,
616 1037 665 1099 cui
687 1048 890 1119 persuaserat
909 1058 1069 1102 venenum
1088 1037 1147 1100 sibi
1163 1057 1235 1099 esse
1254 1047 1402 1118 paratum
1417 1039 1617 1100 amatorium

364 1159 429 1220 quo
461 1142 492 1203 in
528 1141 664 1222 gratiam
698 1141 841 1207 Philonei
883 1164 922 1206 ea
961 1143 1103 1206 revocari
1147 1152 1274 1224 posset;
1318 1162 1351 1206 re
1394 1164 1471 1206 vera
1510 1152 1620 1205 auten

363 1255 501 1309 mortem
524 1257 557 1309 et
578 1247 676 1328 ipsius
699 1249 813 1311 marito
835 1257 868 1310 et
888 1247 1043 1311 Philoneo
1066 1247 1201 1329 parabat
1216 1247 1271 1312 illo
1284 1269 1419 1313 veneno.
1456 1247 1620 1329 Quoniarr.

363 1352 433 1434 ipsa
454 1371 519 1414 non
540 1351 647 1415 effecit
668 1362 814 1428 mortem,
838 1345 1038 1436 florrlariuewg
1059 1363 1190 1436 putatur
1212 1375 1274 1417 rea.

448 1477 679 1557 Locupletatur
707 1479 822 1542 deinde
855 1478 935 1540 haec
964 1479 1061 1541 series
1088 1500 1108 1541 a
1140 1477 1413 1558 Schoemanno³):
1453 1477 1620 1542 »Ceterum

368 1576 583 1666 »βουλεύσεως
610 1583 703 1646 lzaud
727 1583 821 1646 dubie
849 1585 948 1646 etiam
976 1594 1085 1646 contra
1115 1605 1186 1646 eum
1207 1585 1267 1665 agi
1277 1585 1394 1665 potuz't,
1417 1585 1476 1665 qui
1496 1585 1620 1646 calum·

367 1688 476 1751 »niusa
501 1690 702 1752 accusatione
730 1689 890 1770 effecisset
916 1698 952 1751 ut
974 1689 1095 1770 aliquis
1124 1690 1173 1752 ad
1189 1698 1323 1752 mortem
1344 1690 1620 1767 condemnaretun

368 1814 447 1875 »quo
461 1794 605 1875 pertinet
623 1793 764 1876 Lysiaea
786 1813 884 1856 causa
906 1803 984 1857 ctra.
1007 1794 1216 1874 Agoeatume

448 1919 581 1982 Prorsus
609 1920 724 1982 eodem
747 1921 813 1981 iure
835 1919 955 2000 Lysiae
975 1939 1020 1982 or.
1044 1918 1106 1980 XII
1128 1919 1225 1982 etiarn
1245 1920 1277 1981 in
1298 1940 1396 1982 causa
1417 1911 1620 2001 βουλεύσεως

362 2026 504 2089 habitam
533 2045 603 2088 esse
633 2025 796 2087 contendit
818 2023 1110 2106 Frohbergerus⁴);
1141 2025 1351 2104 nequeenim
1373 2023 1620 2087 Polemarchum

362 2131 481 2212 Lysiae
505 2130 635 2194 fratrem
656 2128 889 2192 Eratosthenes
910 2128 1112 2193 interfecerat
1132 2130 1210 2210 ipse.
1234 2168 1276 2176 —

446 2255 558 2338 Atque
587 2253 672 2318 hisce
694 2255 824 2336 quidem
847 2255 1044 2318 orationibus
1066 2256 1215 2319 omnibus
1237 2276 1424 2336 quanquam
1446 2273 1620 2317 commune

362 2371 426 2435 est,
464 2362 552 2441 quod
579 2381 651 2424 reus
680 2380 744 2421 non
772 2360 842 2440 ipse
872 2370 1010 2424 mortem
1042 2360 1163 2435 effecit,
1194 2371 1302 2424 tamen
1329 2382 1370 2424 ne
1397 2381 1459 2423 una
1489 2359 1620 2441 quidem

362 2487 396 2529 re
418 2471 493 2529 vera
521 2467 562 2541 id,
594 2465 635 2529 de
657 2485 723 2546 quo
745 2465 850 2546 agitur
871 2467 991 2529 crimen
1010 2466 1161 2543 illustrat;
1190 2467 1244 2530 ubi
1266 2467 1351 2529 enim
1373 2467 1414 2529 de
1436 2464 1620 2529 incitatione

362 2573 467 2654 agitur
489 2573 554 2636 duo
576 2571 686 2651 utique
708 2570 910 2653 postulantur
932 2572 975 2634 rei
998 2572 1066 2653 (qui
1082 2572 1248 2635 consilium
1263 2572 1351 2634 dedit
1366 2582 1400 2634 et
1414 2571 1466 2653 qui
1483 2569 1620 2652 perfecit

362 2677 452 2759 rem).
493 2677 558 2740 Ubi
580 2686 688 2740 autem
710 2686 759 2739 est
778 2678 909 2738 tandem
931 2677 962 2739 in
979 2676 1029 2739 his
1044 2675 1241 2741 orationibus
1256 2697 1314 2759 par
1330 2677 1407 2739 illud
1423 2676 1597 2739 scelestum
1611 2674 1619 2736 i

447 2802 483 2864 ln
512 2801 646 2884 Antiph.
677 2801 691 2863 Ι
720 2802 760 2864 de
791 2802 975 2865 incitatione
1004 2824 1070 2866 non
1099 2805 1212 2885 agitur.
1264 2802 1383 2864 Paelex
1411 2801 1620 2864 interficiendi

363 2907 530 2971 consilium
552 2928 572 2969 a
594 2927 731 2969 noverca
752 2927 817 2968 non
839 2908 972 2989 accepit,
996 2908 1165 2989 ignorabat
1187 2908 1317 2970 omnino
1337 2908 1484 2988 quaevis
1502 2908 1619 2968 inesset

363 3013 486 3094 potioni
515 3011 558 3074 illi
589 3011 779 3075 mortiferae.
830 3012 862 3075 Is
891 3022 1000 3076 autem
1030 3015 1178 3077 incitatus
1206 3033 1276 3075 esse
1304 3013 1365 3075 dici
1387 3022 1496 3094 potest
1519 3012 1619 3086 solus,

363 3118 417 3198 qui
440 3128 495 3180 aut
517 3117 664 3199 precibus
685 3128 740 3180 aut
762 3118 897 3200 pecunia
919 3129 974 3182 aut
990 3120 1101 3200 quavis
1116 3117 1178 3182 alia
1193 3119 1315 3182 ratione
1331 3119 1488 3181 adductus
1504 3127 1561 3194 est,
1583 3127 1619 3179 ut

364 3224 485 3286 facinus
506 3224 687 3286 committat
695 3224 727 3305 ⁵).
771 3223 861 3304 Ergo
884 3224 964 3286 haec
986 3224 1088 3286 oratio
1109 3243 1174 3285 non
1194 3224 1305 3287 debuit
1327 3224 1500 3287 admoveri.
1524 3259 1563 3270 —

447 3348 484 3410 In
502 3348 637 3431 Antiph.
661 3347 709 3410 Vl
732 3348 847 3411 frustra
868 3350 1097 3431 circumspicio
1126 3350 1180 3412 ubi
1208 3351 1249 3413 sit
1282 3360 1412 3412 »auctor
1442 3351 1614 3432 physicus«

363 3455 418 3536 qui
448 3474 467 3516 a
497 3473 552 3517 reo
575 3454 722 3517 incitatus
751 3474 854 3536 puero
883 3474 1041 3517 venenum
1072 3456 1209 3532 dederit;
1238 3457 1270 3518 in
1299 3457 1347 3518 ius
1376 3465 1505 3537 praeter
1527 3477 1618 3519 reum

450 3664 470 3730 ¹)
488 3665 599 3731 Philippi
618 3678 661 3729 31.
697 3667 775 3728 Blass,
801 3666 909 3730 Antiph.
930 3667 972 3715 ed.
992 3678 1007 3714 2
1025 3666 1104 3731 praef.
1125 3667 1233 3717 XLVII.
1269 3670 1382 3719 Mfitzner
1401 3671 1460 3733 248.
1491 3670 1617 3730 Herrlich,

363 3754 451 3804 Verbr.
470 3771 495 3818 g.
514 3754 540 3803 d.
560 3755 647 3803 Lebeu
666 3766 707 3804 22.

449 3841 473 3905 ²)
491 3844 525 3891 D.
551 3843 596 3892 Ar.
619 3858 671 3891 non
697 3843 761 3908 priv.
785 3851 848 3893 nota
876 3856 906 3905 14
928 3841 966 3908 (p.
986 3842 1039 3909 30).
1081 3842 1190 3908 Philippi
1210 3843 1252 3906 38.
1291 3843 1370 3905 Blass‚
1392 3844 1470 3909 praef.
1487 3861 1513 3909 p.
1532 3845 1616 3893 XLV.

362 3931 478 3980 Mdtzner
496 3931 554 3980 282.
591 3931 716 3988 Herrlich‚
737 3932 755 3982 l.
775 3931 793 3981 l.
813 3950 840 3998 p.
861 3945 892 3982 10
910 3948 936 3981 u.
959 3944 1002 3994 47.
1039 3931 1229 3989 Wiedenhoser,
1248 3931 1265 3980 l.
1283 3931 1300 3980 l.
1319 3948 1345 3996 p.
1364 3933 1387 3981 6.

451 4017 471 4085 3)
490 4019 577 4084 Antiq.
595 4019 640 4068 iur.
658 4020 728 4084 publ.
747 4033 798 4084 290
816 4029 885 4070 nota.

449 4106 470 4172 ⁴)
489 4107 569 4158 Praef.
588 4107 628 4158 ed.
648 4108 706 4170 Lys.
724 4125 749 4173 p.
771 4121 811 4172 13.
848 4108 974 4169 Gebauer,
994 4109 1034 4158 ed.
1052 4109 1111 4170 Lys.
1131 4107 1227 4156 Frohb.
1247 4107 1325 4171 praef.
1346 4118 1385 4171 15.

449 4195 471 4261 5)
489 4197 579 4254 Bauer,
599 4195 667 4244 Abh.
690 4210 699 4245 1
720 4210 784 4261 430:
804 4197 854 4246 Die
872 4197 1022 4262 Austiftung
1037 4195 1137 4245 besteht
1153 4195 1180 4243 in
1197 4195 1242 4244 der
1254 4195 1435 4245 absichtlichen
1446 4197 1613 4261 Bestimmung

364 4286 430 4335 eines
454 4286 550 4334 andem
574 4301 618 4333 zur
640 4285 781 4350 Begehung
804 4285 873 4335 eines
899 4285 1080 4335 Verbrechens.
1116 4283 1179 4330 Zum
1203 4283 1298 4332 Dasein
1321 4284 1452 4333 derselben
1470 4284 1555 4348 geho'rt
1572 4284 1613 4335 die

364 4373 513 4423 Gewissheit
535 4373 581 4421 der
600 4372 750 4432 Thatsache¹
779 4376 836 4422 (lass
861 4374 940 4422 durch
966 4373 1002 4423 sie
1026 4373 1051 4421 in
1075 4372 1133 4420 dem
1151 4371 1247 4420 andern
1264 4371 1309 4420 der
1327 4373 1474 4422 Entschluss
1491 4389 1531 4420 zur
1548 4374 1613 4424 That

364 4468 465 4526 erzeugt
482 4461 585 4510 worden
604 4462 648 4510 sei.
