3350 5284
805 471 1017 524 —‚12—

201 643 203 650 ‘
281 621 380 686 allato
403 622 587 686 Aristotelis
609 623 704 691 Rhet.
728 625 742 686 Ι
765 640 799 704 13
823 646 855 706 p.
883 642 1005 706 1374a:
1039 621 1096 690 ἐὰν
1124 620 1289 712 ἐπείρηται
1317 626 1373 712 τὴν
1400 620 1539 715 χεῖραῆ

280 721 422 812 πατάξῃ.

365 851 482 916 Omnia
503 855 597 936 igitur
613 864 699 917 recte
715 853 773 916 sibi
788 864 937 918 constant
951 874 1056 937 neque
1070 858 1278 938 temptandus
1293 870 1362 922 erat
1377 859 1476 923 locus.
1494 897 1536 907 —

245 955 249 963 ‘
280 956 474 1039 Quanquam
503 959 682 1033 Dobraeus,
714 961 763 1021 cui
791 960 982 1041 displicebat
1010 961 1127 1024 tradita
1154 961 1267 1041 lectio,
1297 965 1417 1027 collato
1446 964 1535 1031 And.

278 1063 293 1124 Ι
329 1079 372 1142 94
407 1063 499 1126 scribi
536 1065 641 1127 iussit:
683 1056 763 1150 μήτε
804 1063 890 1149 χειρὶ
935 1060 1153 1148 ἐργασάμενος
1195 1060 1276 1154 μήτε
1317 1063 1493 1152 βουλεύσας
1502 1073 1535 1152 ¹).

280 1166 468 1230 Gratissima
497 1169 577 1232 haec
607 1171 789 1232 coniectura
818 1171 950 1233 obvenit
981 1172 1130 1234 omnibus
1165 1172 1211 1234 eis
1247 1175 1310 1254 qui,
1350 1195 1534 1256 quanquam

278 1272 375 1352 fals0‚
413 1285 646 1338 consueverant
682 1272 767 1358 χειρὶ
804 1267 1002 1360 ἐργάζεσθαι
1040 1276 1126 1339 idem
1163 1275 1282 1340 habere
1317 1288 1414 1359 atque
1447 1281 1535 1362 »ipse

280 1378 473 1455 interficio«,
507 1399 698 1460 summaque
732 1381 889 1443 sententia
928 1381 990 1444 loci
1018 1383 1062 1444 ita
1089 1382 1134 1444 eis
1157 1383 1318 1446 intellecta
1338 1394 1402 1447 est:
1430 1405 1534 1467 »nego

279 1505 332 1547 me
346 1493 403 1574 aut
418 1486 551 1566 ipsum
575 1494 629 1548 aut
653 1485 827 1547 alterius
847 1505 924 1566 ope
942 1507 1036 1548 usum
1051 1487 1244 1551 interfecisse
1262 1489 1472 1551 Diodotum«.
1492 1527 1536 1537 -

279 1588 335 1651 Ad
373 1590 472 1652 talem
510 1610 587 1652 vero
621 1591 784 1653 notionem
817 1590 906 1652 nullo
937 1593 1205 1673 interpretationis
1235 1593 1385 1668 artificio,
1423 1594 1467 1657 sic
1500 1603 1534 1656 ut

278 1695 413 1757 traditus
446 1704 495 1758 est
525 1695 614 1758 locus
642 1696 823 1778 detorqueri
852 1697 982 1777 poterit.
1021 1699 1126 1760 Immo
1149 1700 1237 1778 quod
1259 1701 1335 1763 dicit
1355 1719 1426 1761 reus
1452 1719 1534 1760 >non

278 1799 419 1863 interfeci
437 1822 511 1863 eum
534 1820 640 1874 manu,
670 1799 779 1862 levans
810 1821 901 1863 eam«
928 1804 1036 1884 utique
1059 1804 1190 1885 propria
1211 1825 1269 1866 sua
1292 1806 1323 1866 vi
1348 1804 1534 1887 intellegen-

277 1905 355 1968 dum
376 1915 448 1970 est:
465 1926 529 1969 non
550 1925 646 1968 manu
669 1925 742 1966 eurn
764 1905 875 1980 occidi,
897 1927 961 1969 non
984 1918 1114 1973 cruenta
1129 1910 1228 1971 caede
1244 1910 1402 1992 necavi²)l
1426 1909 1533 1991 Quem

277 2010 362 2073 enim
389 2012 430 2074 ad
459 2010 555 2073 finem
586 2029 808 2092 percussorem
845 2020 939 2093 putas
975 2033 1105 2074 manum
1138 2013 1245 2077 levare
1278 2015 1336 2077 nisi
1365 2023 1401 2077 ut
1432 2014 1532 2089 feriat,

278 2114 432 2192 vulneret,
464 2117 609 2180 trucidet.
655 2115 687 2178 Si
709 2115 771 2178 hoc
794 2135 925 2199 quoque
945 2119 1129 2182 testimonio
1151 2119 1280 2200 probari
1302 2122 1359 2195 vis,
1382 2122 1532 2203 respicias

279 2221 320 2283 ad
343 2220 529 2284 Aristotelis
551 2221 658 2284 locum
679 2242 775 2302 supra
797 2221 939 2284 allatum.

361 2345 531 2410 Manifesta
559 2347 608 2410 vis
637 2347 792 2410 indicatur
818 2347 998 2431 ubicunque
1027 2347 1113 2432 χειρὶ
1142 2349 1255 2430 aliquis
1283 2351 1388 2432 egisse
1409 2351 1530 2416 dicitur.

278 2448 364 2530 Quid
384 2453 515 2515 tandem
536 2452 616 2516 Ant.
639 2452 672 2513 V
694 2469 734 2532 92
757 2460 790 2515 et
818 2452 921 2518 Thuc.
943 2453 1049 2515 11182
1073 2454 1189 2517 iniusto
1213 2455 1328 2518 iudicio
1358 2458 1531 2539 opponitur

276 2557 334 2618 nisi
356 2566 468 2638 aperta
490 2559 537 2621 vis
558 2556 740 2621 armorum?
763 2559 900 2620 eandem
915 2556 1086 2620 antithesin
1106 2559 1272 2622 luculentis
1286 2561 1391 2624 verbis
1409 2563 1532 2644 profert

275 2661 455 2725 Aeschines
476 2663 507 2724 ΙΙ
532 2679 606 2740 114:
643 2653 754 2750 ἠξίουν
782 2660 825 2746 μὴ
854 2656 934 2743 μεθ’
968 2656 1081 2727 ὅπλων
1110 2656 1195 2728 ἀλλὰ
1224 2659 1307 2745 μετὰ
1334 2666 1450 2754 ψήφου
1472 2668 1529 2733 καὶ

275 2765 412 2848 κρίσεως
431 2763 523 2833 τάκεῖ
545 2761 769 2845 rudusculum,-
788 2767 829 2829 ad
852 2769 1004 2830 amussim
1028 2761 1117 2833 ὅπλα
1140 2770 1336 2850 respondent
1357 2773 1429 2835 voci
1444 2772 1529 2857 χειρὶ

275 2873 362 2952 apud
384 2872 520 2955 Antiph.
543 2883 576 2936 et
598 2871 701 2939 Thuc.
750 2870 923 2935 Cruentam
946 2874 1079 2936 caedem
1102 2875 1146 2936 ita
1168 2875 1296 2936 indicari
1318 2877 1422 2941 solere
1444 2881 1529 2942 innu-

275 2977 439 3041 merabilia
461 2980 580 3042 docent
600 2979 798 3042 testimonia:

358 3101 494 3185 Antiph.
524 3104 643 3171 Tetral.
673 3110 708 3168 Γ.
739 3126 810 3167 reus
847 3104 980 3185 perfecit
1015 3105 1148 3167 caedem
1183 3103 1224 3187 (y.
1258 3107 1302 3187 3):
1340 3097 1528 3195 ἇκμαζούσῃ

273 3207 314 3294 τῇ
336 3208 427 3296 ῥώμῃ
447 3211 525 3274 τῶν
545 3211 713 3292 quaudiu
745 3221 777 3273 et
799 3211 966 3290 quomodo
988 3230 1063 3272 eum
1085 3209 1260 3274 interfecit?
1282 3231 1289 3273 :
1311 3209 1442 3276 τύπτων
1471 3215 1528 3280 καὶ

274 3310 401 3397 πνίγων
421 3315 463 3395 (u.
485 3316 526 3396 6).
571 3315 650 3395 Lys.
674 3335 719 3377 or.
742 3315 806 3378 IV:
837 3336 909 3378 reus
939 3315 1156 3378 adversarium
1184 3336 1278 3378 suurn
1300 3317 1360 3379 sub
1383 3320 1528 3382 manibus

273 3416 394 3493 habuit,
425 3411 679 3504 ὑποχείριον
701 3414 812 3502 λαβών
833 3421 868 3502 (ξ
893 3421 935 3504 5),
963 3421 1088 3501 pugnis,
1111 3410 1187 3500 πύξ,
1217 3422 1377 3484 invectum
1399 3445 1434 3487 se
1457 3446 1527 3488 esse

275 3523 306 3586 in
332 3544 406 3586 eum
425 3527 495 3606 ipse
517 3526 677 3604 narrat-l&
702 3526 740 3604 5).
791 3523 929 3588 Armata
958 3526 1073 3588 deinde
1103 3546 1198 3588 manu
1228 3525 1361 3590 Orestes
1392 3540 1527 3593 matrem

362 3737 382 3803 ¹)
401 3741 544 3789 Probamnt
561 3735 673 3787 Dobraei
698 3737 868 3786 coniecturam
886 3742 911 3784 et
929 3736 1037 3785 editores
1054 3753 1142 3786 omnes
1158 3765 1194 3775 —
1211 3749 1310 3804 praeter
1329 3740 1477 3789 Turicenses
1493 3770 1529 3779 -

273 3832 298 3874 et
315 3826 403 3891 reliqui
420 3827 466 3876 viri
484 3824 554 3875 docti
575 3826 618 3890 qui
637 3826 721 3874 locum
740 3825 876 3888 tetigerunt
893 3824 1041 3889 plerumque
1059 3841 1073 3873 e
1090 3826 1197 3877 silentio.

358 3911 379 3980 ²)
398 3915 458 3964 Noli
488 3930 548 3963 vero
580 3914 606 3962 in
639 3929 670 3963 eo
702 3913 803 3962 haerere
835 3913 907 3976 quod
939 3922 1042 3963 cruenta
1074 3915 1152 3964 caede
1183 3932 1289 3980 puemm
1320 3932 1346 3965 se
1376 3917 1527 3968 interfecisse

271 4017 327 4051 reus
355 4011 446 4067 negat,
474 4018 531 4052 cum
560 4003 610 4051 hoc
643 4000 744 4066 quidem
770 4017 846 4050 nemo
871 4000 895 4049 ei
919 4001 1021 4051 obiciat.
1057 4003 1130 4052 Duae
1153 4013 1211 4052 sunt
1234 4005 1337 4054 omnino
1362 4004 1526 4055 interficiendi

271 4090 380 4139 rationes
405 4099 448 4140 aut
469 4091 600 4140 manifesta
624 4099 667 4140 aut
690 4106 743 4138 non
768 4090 908 4138 manifesta.
944 4090 1034 4154 Itaque
1051 4106 1152 4140 omnem
1170 4093 1338 4157 suspicionem
1355 4093 1468 4142 funditus
1483 4094 1527 4143 de·

271 4187 439 4244 pugnaturus,
466 4188 598 4244 utramque
622 4179 705 4228 caedis
728 4179 851 4228 rationem
869 4194 915 4242 per
933 4194 960 4227 se
977 4179 1051 4242 ponit
1068 4187 1096 4228 ut
1114 4182 1190 4229 ambo
1207 4181 1305 4230 refutet.
1342 4181 1451 4243 Vahlen,
1470 4182 1487 4232 l.
1505 4182 1524 4230 l.

271 4283 298 4332 p.
324 4281 334 4316 1
354 4266 396 4330 (ad
419 4267 531 4317 Platonis
549 4265 704 4330 Philebum)·.
730 4282 776 4316 »ea
799 4267 867 4315 enim
888 4275 925 4315 est
945 4267 984 4315 vis
1007 4268 1182 4332 copulatorum
1206 4271 1396 4326 contrariorum,
1424 4286 1475 4319 non
1499 4278 1528 4318 ut

270 4363 403 4420 utrumque
420 4373 466 4421 per
477 4371 503 4404 se
521 4362 645 4419 spectetur
664 4355 708 4404 sed
726 4364 755 4404 ut
772 4355 911 4404 coniunctis
930 4354 1029 4403 duobus
1047 4372 1097 4406 una
1115 4356 1236 4407 efficiatur
1247 4357 1370 4408 sententia
1383 4358 1523 4417 universa«,

270 4459 346 4509 quam
364 4461 417 4494 rem
433 4443 566 4493 illustravit
584 4443 667 4492 multis
687 4443 818 4508 exemplis.
837 4473 872 4481 -
