3350 5284
638 494 851 560 „35-

111 655 275 728 quantum
311 647 423 721 vide0,
463 658 518 711 aut
553 649 691 731 probata
720 658 768 714 est
797 660 854 714 aut
888 653 1007 733 poterit
1039 654 1184 735 probari;
1222 653 1375 716 Boeckhii

15 791 16 834 )
114 761 227 814 autem
249 762 451 827 commento,
484 774 667 836 quanquam
689 775 747 837 per
772 777 808 819 se
829 739 1011 839 spectatum
1038 779 1102 822 non
1127 759 1284 841 displicet,
1309 779 1375 822 non

113 877 201 938 opus
229 867 287 934 est,
321 868 496 940 postquam
527 880 610 942 quae
641 861 758 923 inesset
783 882 860 924 vera
887 863 935 926 vis
961 863 1062 928 verbo
1091 861 1270 947 βουλεύσας
1291 856 1374 930 cirro-

113 959 233 1028 ιιτείνω
263 963 498 1044 perspeximus.
562 964 643 1027 Cum
678 967 762 1028 enim
799 965 871 1047 ipso
899 987 939 1030 eo
969 988 1067 1048 quern
1094 978 1270 1034 tractamus
1300 970 1373 1033 loco

15 1097 16 1124 r
116 1069 152 1148 (ξ
179 1067 246 1148 16):
271 1061 335 1152 ἐγὼ
356 1062 401 1156 με)
425 1063 619 1134 ἀποκτεῖναι
640 1070 720 1152 μήτε
741 1069 826 1157 χειρὶ
851 1063 1009 1157 ἀράμενος
1029 1075 1109 1156 μήτε
1132 1072 1375 1157 βουλεύσας-

15 1217 16 1254 ,
112 1171 185 1234 duo
200 1172 259 1236 sibi
275 1183 481 1255 opponantur
495 1195 649 1256 genera
664 1176 780 1250 caedis,
796 1177 828 1238 in
843 1186 980 1259 utroque
1002 1179 1105 1242 nihil
1129 1181 1211 1244 inest
1225 1181 1266 1244 de
1281 1201 1375 1244 con-

112 1277 234 1353 silio,
272 1278 304 1340 in
336 1277 400 1342 hoc
430 1272 627 1362 (βουλεύσας)
659 1301 723 1343 non
751 1280 824 1364 plus
851 1304 948 1365 quarn
978 1284 1009 1345 in
1039 1284 1093 1348 illo
1123 1284 1242 1370 (χειρὶ).
1293 1283 1374 1366 Quis

15 1451 16 1454 Ἴ
111 1391 227 1446 autem
246 1385 411 1465 negaverit
433 1377 507 1450 ἄνευ
529 1383 687 1472 προνοίας
708 1397 873 1450 auctorem
895 1388 1034 1468 aliquem
1058 1388 1125 1453 fieri
1143 1410 1241 1472 posse
1264 1391 1375 1454 mortis

15 1499 16 1514 ι
113 1489 241 1552 ratione
264 1510 329 1552 non
351 1488 521 1553 manifesta
542 1490 609 1572 (cfr.
633 1513 663 1573 P·
689 1491 762 1571 22)?

203 1592 455 1659 Involuntarium
488 1597 584 1678 igitur
612 1606 661 1659 est
689 1597 827 1673 crimen,
857 1598 946 1661 cuius
975 1620 1047 1663 reus
1076 1610 1126 1663 est
1159 1599 1292 1682 Antiph.
1324 1600 1372 1663 VI

112 1699 270 1762 orationis
294 1709 384 1763 actor
393 1703 425 1782 ε).
470 1699 562 1782 Quae
577 1723 650 1765 curn
667 1703 859 1765 conveniant
875 1683 1146 1781 omnia-Palladio,
1169 1705 1243 1769 huic
1259 1706 1375 1769 iudicio

118 1807 299 1869 necessario
329 1806 508 1870 orationem
537 1827 609 1870 eam
639 1809 826 1870 convenisse
856 1792 1067 1872 censebimus.
1108 1812 1153 1873 Et
1180 1831 1311 1893 prorsus
1333 1832 1376 1875 ex

113 1907 179 1972 hac
201 1910 352 1991 opinione
374 1913 497 1986 accidit,
521 1913 609 1992 quod
631 1921 834 1976 accusatores
856 1912 1003 1976 dicuntur
1022 1936 1111 1978 reum
1134 1913 1295 2001 ζημιῶσαι
1318 1913 1375 1980 καὶ

113 2008 271 2093 ἐξελάσαι
303 2014 338 2080 ἐκ
367 2018 422 2102 τῆς
451 2026 506 2102 γῆς
534 2010 650 2102 ταύτης
673 2020 706 2100 (ἓ
729 2019 770 2100 7).
814 2017 962 2099 Ephetae
984 2021 1069 2083 enirn
1091 2021 1178 2103 apud
1199 2021 1376 2084 Palladium
1439 2107 1441 2111 Ι

118 2121 149 2181 in
172 2120 355 2185 criminibus
377 2122 594 2186 involuntariis
616 2122 826 2206 imponebant
848 2123 934 2186 exilii
956 2145 1103 2207 poenam.

203 2227 337 2290 Firmari
381 2228 507 2290 videtur
550 2229 635 2291 idem
671 2229 886 2292 Draconticae
922 2233 1018 2293 etiam
1061 2231 1140 2313 legis
1184 2231 1374 2295 auctoritate

15 2313 16 2318 ἵ
113 2329 154 2394 C
190 2331 215 2392 I.
247 2330 289 2394 A.
325 2331 339 2394 Ι
371 2332 444 2412 61²)
483 2333 555 2396 inde
585 2354 605 2395 a
634 2353 727 2396 versu
765 2350 810 2396 11.
870 2333 927 2399 καὶ
958 2330 1093 2418 ἒὰμ(μ)ὴ
1123 2333 1202 2420 ’ττκ(
1201 2334 1377 2421 )ρονο(ία)ς

112 2434 292 2559 (κἊ)τ(είνῃ
300 2434 351 2515 τίς
382 2460 455 2501 τινα
488 2432 619 2522 φεύγειν
649 2431 808 2521 (λακάζειν
848 2438 885 2505 δε
912 2463 986 2518 τους
1011 2439 1172 2522 βασιλέας
1201 2438 1329 2525 alm)
1313 2443 1374 2526 ’(ν)

112 2532 292 2630 φό(νου)υ)
313 2592 887 2609 ...................
912 2539 1070 2611 λούσαντα
1099 2569 1174 2626 τους
1195 2544 1271 2612 δὲ’
1255 2545 1375 2631 εφέτας

113 2646 306 2730 διαγνῶναι.

203 2751 314 2816 Verba
336 2751 368 2814 in
390 2752 536 2818 -lavetv
557 2754 708 2817 exeuntia
730 2773 794 2816 non
816 2755 879 2818 sint
895 2756 939 2818 ita
955 2756 1064 2831 multa,
1088 2765 1238 2840 recteque
1255 2778 1373 2822 censeo

113 2856 297 2940 Sauppium
321 2857 394 2942 (ind.
411 2856 500 2920 Gott.
522 2857 617 2925 18⁷³l74
632 2879 663 2939 p.
680 2860 712 2941 7)
730 2869 762 2922 et
778 2859 933 2923 Koehleri
948 2862 1164 2925 coniecturam
1173 2864 1193 2945 3)
1210 2863 1374 2940 refutasse,

111 2972 150 3026 et
179 2964 285 3045 ipsum
313 2963 487 3026 restituisse
513 2964 646 3026 verbum
675 2959 858 3048 βουλεύειν;
889 2967 1106 3030 coniecturam
1134 2989 1232 3049 quam
1252 2969 1375 3051 profert

111 3069 252 3149 totam⁴)
282 3069 390 3130 nescio
419 3088 459 3130 an
488 3068 701 3150 posthabeam
732 3071 769 3144 ei,
797 3090 895 3151 quarn
925 3072 1099 3153 Langius⁵)
1127 3073 1186 3137 sibi
1209 3076 1373 3156 quondam

113 3173 275 3254 placuisse
298 3174 396 3236 dicit.
416 3168 553 3238 ,αἰτιῶν
575 3166 676 3257 φόνου
700 3171 874 3255 ἐνέχεσθαι
898 3175 935 3243 δὲ
955 3172 1011 3242 τὸν
1029 3171 1129 3262 φόνον
1142 3176 1371 3261 βουλεύσαντα.

116 3277 223 3360 Prope
255 3279 299 3341 ita
329 3279 409 3361 legis
442 3280 541 3343 verba
572 3281 766 3343 conveniunt
796 3302 869 3344 cum
906 3282 1104 3346 Andocideis
1139 3279 1210 3349 »τὸν
1244 3277 1372 3367 βουλεύ

113 3403 221 3449 σαντα
244 3379 278 3449 ἐν
298 3385 344 3470 τῷ
367 3379 454 3470 αύτῷ
476 3381 649 3466 ἐνέχεσθαι
673 3383 729 3449 καὶ
751 3379 807 3451 τὸν
827 3389 869 3473 τῇ
881 3386 967 3473 χειρὶ
983 3382 1230 3474 ἐργασάμεναι.
1268 3389 1374 3451 Aliter

117 3498 233 3552 autem*
249 3510 286 3552 ac
304 3489 446 3571 Langius
468 3490 522 3571 (ad
545 3490 761 3552 incitationem
783 3491 835 3554 ille
857 3492 990 3575 cogitat)
1014 3496 1083 3576 ipse
1105 3493 1257 3575 intellego
1273 3494 1373 3557 verba

113 3681 236 3745 Quelque
259 3682 403 3746 choquante
427 3681 520 3747 qu'elle
538 3682 595 3743 soit,
622 3682 710 3731 ilfaut
727 3698 754 3732 se
772 3683 894 3733 resoudre
911 3681 927 3732 ὲ
943 3684 1095 3734 l’admettre.
1130 3685 1195 3734 Mais
1212 3681 1258 3734 des
1275 3686 1327 3734 lors
1345 3701 1374 3735 ce

116 3767 184 3818 n'est
192 3768 250 3833 plus
260 3765 275 3818 ὲ
284 3770 426 3834 Antiphon,
441 3771 504 3820 c'est
514 3767 529 3819 ὲ
540 3786 574 3819 un
587 3770 599 3818 f
604 3770 752 3820 aussaire
770 3772 932 3821 maladroi
941 3781 958 3830 t,
974 3773 1038 3837 qu’il
1047 3774 1166 3823 convient
1174 3774 1206 3823 de
1215 3774 1371 3823 l’attribuerl

204 3855 225 3922 ¹)
244 3857 359 3920 Ignatius
381 3859 433 3909 ind.
458 3859 605 3909 elocutionis
629 3859 734 3924 Antiph.
758 3875 777 3910 s.
802 3876 826 3910 v.
851 3856 981 3925 βουλεύω,
1008 3861 1159 3911 levissimam
1178 3856 1270 3934 φόνου
1287 3860 1373 3915 ἀκου-

112 3951 177 3997 σίου
199 3945 308 4011 speciem
328 3947 421 3996 crimen
439 3947 491 3996 eius
508 3948 600 4012 probat
619 3946 773 3996 habendum.

202 4032 224 4100 2)
243 4035 385 4083 Koehlerus
404 4051 459 4085 eam
477 4035 588 4102 inscript.
606 4035 686 4086 edidit
703 4036 811 4086 Hermes
828 4038 857 4088 11
874 4048 915 4096 27.

203 4121 224 4188 3)
242 4115 259 4188 ἢ
278 4119 449 4189 βουλεύσεως
465 4118 515 4175 τὸν
534 4119 577 4176 ἀεὶ
594 4120 806 4190 βασιλεύσαντα.

202 4210 224 4278 4)
244 4207 262 4276 ἢ
276 4207 326 4264 ἒοὶν
343 4229 384 4269 τις
407 4213 530 4264 αἰτιᾶται
546 4207 597 4264 τὸν
613 4208 816 4278 βουλεύσαντα.
843 4214 1016 4265 Kirchholfius
1033 4215 1115 4280 primo
1133 4215 1234 4281 quidem
1251 4216 1374 4266 Koehleri

111 4299 213 4364 accepit
236 4299 405 4350 coniecturam
425 4299 467 4365 (C.
486 4304 506 4353 Ι.
525 4304 556 4352 Α.
575 4304 589 4352 Ι
607 4301 661 4366 61),
688 4317 764 4366 quarn
787 4302 871 4352 multis
888 4303 1026 4353 rationibus
1048 4304 1222 4368 impugnatam
1240 4320 1297 4354 cum
1315 4305 1374 4355 ferri

113 4403 168 4437 non
185 4404 260 4454 posse
277 4389 382 4448 videret,
403 4389 507 4454 Sauppii
526 4391 669 4440 coniectura
687 4391 802 4440 lacunam
821 4391 948 4456 supplevit
966 4391 995 4441 C.
1010 4392 1033 4456 J.
1051 4393 1083 4441 A.
1099 4394 1138 4443 IV
1155 4392 1179 4442 8.

202 4475 225 4542 ⁵)
246 4478 362 4542 Epheten
384 4493 409 4528 u.
428 4480 558 4543 Areopag,
579 4479 663 4529 Sfichs.
684 4479 743 4529 Ges.
763 4480 788 4528 d.
807 4479 959 4530 Wissensch.
980 4491 1003 4542 7.
1041 4479 1114 4542 1879,
1134 4497 1160 4545 p.
1179 4491 1236 4541 229.

1131 4579 1168 4646 3*
