<?xml version="1.0" encoding="UTF-8"?>
<!DOCTYPE html PUBLIC "-//W3C//DTD XHTML 1.0 Transitional//EN"
    "http://www.w3.org/TR/xhtml1/DTD/xhtml1-transitional.dtd">
<html xmlns="http://www.w3.org/1999/xhtml" xml:lang="en" lang="en">
 <head>
  <title>
</title>
<meta http-equiv="Content-Type" content="text/html;charset=utf-8" />
  <meta name='ocr-system' content='tesseract 3.04.00' />
  <meta name='ocr-capabilities' content='ocr_page ocr_carea ocr_par ocr_line ocrx_word'/>
</head>
<body>
  <div class='ocr_page' id='page_1' title='image "./decriminevouleu01passgoog_0017.png"; bbox 0 0 3350 5284; ppageno 0'>
   <div class='ocr_carea' id='block_1_1' title="bbox 670 480 881 524">
    <p class='ocr_par' dir='ltr' id='par_1_1' title="bbox 670 480 881 524">
     <span class='ocr_line' id='line_1_1' title="bbox 670 480 881 524; baseline -0.009 -14"><span class='ocrx_word' id='word_1_1' title='bbox 670 480 881 524; x_wconf 72' lang='lat'>...11-</span> 
     </span>
    </p>
   </div>
   <div class='ocr_carea' id='block_1_2' title="bbox 139 621 1407 3977">
    <p class='ocr_par' dir='ltr' id='par_1_2' title="bbox 139 621 1407 3977">
     <span class='ocr_line' id='line_1_2' title="bbox 139 621 1402 721; baseline 0 -25"><span class='ocrx_word' id='word_1_2' title='bbox 139 632 201 718; x_wconf 76' lang='grc' dir='ltr'>τῂν</span> <span class='ocrx_word' id='word_1_3' title='bbox 231 627 319 714; x_wconf 79' lang='grc' dir='ltr'><strong><em>ἱερὰν</em></strong></span> <span class='ocrx_word' id='word_1_4' title='bbox 348 635 405 720; x_wconf 73' lang='grc' dir='ltr'>γῆν</span> <span class='ocrx_word' id='word_1_5' title='bbox 434 627 635 717; x_wconf 77' lang='grc' dir='ltr'><em>ἐργάσεσθαι</em></span> <span class='ocrx_word' id='word_1_6' title='bbox 664 625 740 718; x_wconf 72' lang='grc' dir='ltr'>μήτ’</span> <span class='ocrx_word' id='word_1_7' title='bbox 769 621 860 718; x_wconf 63' lang='lat' dir='ltr'>dil-lp</span> <span class='ocrx_word' id='word_1_8' title='bbox 889 629 1084 717; x_wconf 76' lang='grc' dir='ltr'><strong><em>ἐπιτρέψειν</em></strong></span> <span class='ocrx_word' id='word_1_9' title='bbox 1112 627 1197 697; x_wconf 80' lang='grc' dir='ltr'><strong><em>ἀλλὰ</em></strong></span> <span class='ocrx_word' id='word_1_10' title='bbox 1219 630 1402 721; x_wconf 80' lang='grc' dir='ltr'><em>βοηθήσειν</em></span> 
     </span>
     <span class='ocr_line' id='line_1_3' title="bbox 141 731 1403 825; baseline 0.001 -25"><span class='ocrx_word' id='word_1_11' title='bbox 141 731 1403 825; x_wconf 76' lang='grc' dir='ltr'><strong><em>τῷθεῷκαίτῇγῇτῇίερᾷκαίχειρίκαίποδίκαὶπάσργδυνάμει.</em></strong></span> 
     </span>
     <span class='ocr_line' id='line_1_4' title="bbox 141 841 1404 925; baseline 0.002 -22"><span class='ocrx_word' id='word_1_12' title='bbox 141 841 270 906; x_wconf 84' lang='lat' dir='ltr'>Audias</span> <span class='ocrx_word' id='word_1_13' title='bbox 287 845 416 907; x_wconf 91' lang='lat' dir='ltr'>tertium</span> <span class='ocrx_word' id='word_1_14' title='bbox 438 844 642 925; x_wconf 87' lang='lat' dir='ltr'>plebiscitum</span> <span class='ocrx_word' id='word_1_15' title='bbox 664 843 885 924; x_wconf 88' lang='lat' dir='ltr'>Demophanti</span> <span class='ocrx_word' id='word_1_16' title='bbox 915 843 1008 925; x_wconf 83' lang='lat' dir='ltr'>(Lyc.</span> <span class='ocrx_word' id='word_1_17' title='bbox 1031 843 1146 909; x_wconf 91' lang='lat' dir='ltr'>Leocr.</span> <span class='ocrx_word' id='word_1_18' title='bbox 1175 845 1260 925; x_wconf 84' lang='lat'>127):</span> <span class='ocrx_word' id='word_1_19' title='bbox 1283 844 1404 925; x_wconf 90' lang='grc' dir='ltr'><strong><em>διομω-</em></strong></span> 
     </span>
     <span class='ocr_line' id='line_1_5' title="bbox 140 941 1401 1036; baseline 0 -24"><span class='ocrx_word' id='word_1_20' title='bbox 140 941 266 1028; x_wconf 81' lang='grc' dir='ltr'><strong><em>μόκατε</em></strong></span> <span class='ocrx_word' id='word_1_21' title='bbox 294 941 328 1012; x_wconf 79' lang='grc' dir='ltr'>δ’</span> <span class='ocrx_word' id='word_1_22' title='bbox 362 945 396 1013; x_wconf 80' lang='grc' dir='ltr'>ἒν</span> <span class='ocrx_word' id='word_1_23' title='bbox 423 949 470 1033; x_wconf 79' lang='grc' dir='ltr'>τῷ</span> <span class='ocrx_word' id='word_1_24' title='bbox 500 946 690 1035; x_wconf 78' lang='grc' dir='ltr'><strong><em>ψηφίσματι</em></strong></span> <span class='ocrx_word' id='word_1_25' title='bbox 712 949 760 1032; x_wconf 76' lang='grc' dir='ltr'>τῷ</span> <span class='ocrx_word' id='word_1_26' title='bbox 781 941 1003 1035; x_wconf 80' lang='grc' dir='ltr'><em>Δημοφάντου</em></span> <span class='ocrx_word' id='word_1_27' title='bbox 1026 945 1161 1013; x_wconf 76' lang='grc' dir='ltr'><strong><em>κτείνειν</em></strong></span> <span class='ocrx_word' id='word_1_28' title='bbox 1181 944 1236 1014; x_wconf 87' lang='grc' dir='ltr'>τὸν</span> <span class='ocrx_word' id='word_1_29' title='bbox 1257 945 1314 1036; x_wconf 76' lang='grc' dir='ltr'>τὴν</span> <span class='ocrx_word' id='word_1_30' title='bbox 1336 971 1401 1013; x_wconf 90' lang='grc' dir='ltr'>πα-</span> 
     </span>
     <span class='ocr_line' id='line_1_6' title="bbox 142 1046 1347 1140; baseline 0.002 -24"><span class='ocrx_word' id='word_1_31' title='bbox 142 1050 242 1136; x_wconf 89' lang='grc' dir='ltr'><strong><em>τρίδα</em></strong></span> <span class='ocrx_word' id='word_1_32' title='bbox 263 1047 465 1138; x_wconf 79' lang='grc' dir='ltr'><strong><em>προδιδόντα</em></strong></span> <span class='ocrx_word' id='word_1_33' title='bbox 487 1052 546 1118; x_wconf 84' lang='grc' dir='ltr'>καί</span> <span class='ocrx_word' id='word_1_34' title='bbox 568 1046 675 1138; x_wconf 80' lang='grc' dir='ltr'><strong><em>λόγῳ</em></strong></span> <span class='ocrx_word' id='word_1_35' title='bbox 697 1051 755 1117; x_wconf 84' lang='grc' dir='ltr'>καί</span> <span class='ocrx_word' id='word_1_36' title='bbox 778 1051 882 1138; x_wconf 78' lang='grc' dir='ltr'><strong><em>ἔργω</em></strong></span> <span class='ocrx_word' id='word_1_37' title='bbox 904 1053 962 1117; x_wconf 82' lang='grc' dir='ltr'>καὶ</span> <span class='ocrx_word' id='word_1_38' title='bbox 983 1051 1103 1137; x_wconf 85' lang='grc' dir='ltr'><strong><em>χειρὶ</em></strong></span> <span class='ocrx_word' id='word_1_39' title='bbox 1124 1051 1179 1117; x_wconf 83' lang='grc' dir='ltr'>καὶ</span> <span class='ocrx_word' id='word_1_40' title='bbox 1200 1051 1304 1140; x_wconf 77' lang='grc' dir='ltr'><em>ψήφῳ</em></span> <span class='ocrx_word' id='word_1_41' title='bbox 1313 1056 1347 1138; x_wconf 84' lang='lat'>¹).</span> 
     </span>
     <span class='ocr_line' id='line_1_7' title="bbox 226 1157 1404 1237; baseline 0.002 -18"><span class='ocrx_word' id='word_1_42' title='bbox 226 1157 299 1237; x_wconf 91' lang='lat' dir='ltr'>Jam</span> <span class='ocrx_word' id='word_1_43' title='bbox 321 1179 399 1220; x_wconf 92' lang='lat' dir='ltr'>vero</span> <span class='ocrx_word' id='word_1_44' title='bbox 422 1179 486 1222; x_wconf 93' lang='lat' dir='ltr'>non</span> <span class='ocrx_word' id='word_1_45' title='bbox 508 1160 539 1220; x_wconf 93' lang='lat' dir='ltr'>in</span> <span class='ocrx_word' id='word_1_46' title='bbox 562 1159 636 1219; x_wconf 91' lang='lat' dir='ltr'>iuris</span> <span class='ocrx_word' id='word_1_47' title='bbox 669 1158 790 1220; x_wconf 91' lang='lat' dir='ltr'>iurandi</span> <span class='ocrx_word' id='word_1_48' title='bbox 813 1157 958 1221; x_wconf 86' lang='lat' dir='ltr'>formulis</span> <span class='ocrx_word' id='word_1_49' title='bbox 980 1168 1104 1221; x_wconf 90' lang='lat' dir='ltr'>tantum</span> <span class='ocrx_word' id='word_1_50' title='bbox 1127 1181 1147 1222; x_wconf 92' lang='lat' dir='ltr'>a</span> <span class='ocrx_word' id='word_1_51' title='bbox 1168 1180 1317 1223; x_wconf 88' lang='lat' dir='ltr'>sermone</span> <span class='ocrx_word' id='word_1_52' title='bbox 1339 1159 1404 1222; x_wconf 94' lang='lat' dir='ltr'>vul·</span> 
     </span>
     <span class='ocr_line' id='line_1_8' title="bbox 144 1263 1405 1349; baseline 0.002 -24"><span class='ocrx_word' id='word_1_53' title='bbox 144 1264 214 1344; x_wconf 87' lang='lat' dir='ltr'>gari</span> <span class='ocrx_word' id='word_1_54' title='bbox 244 1264 464 1326; x_wconf 85' lang='lat' dir='ltr'>remotissimis</span> <span class='ocrx_word' id='word_1_55' title='bbox 493 1265 558 1327; x_wconf 88' lang='lat' dir='ltr'>tale</span> <span class='ocrx_word' id='word_1_56' title='bbox 588 1263 663 1343; x_wconf 92' lang='lat' dir='ltr'>quid</span> <span class='ocrx_word' id='word_1_57' title='bbox 693 1263 833 1349; x_wconf 90' lang='lat' dir='ltr'>invenies</span> <span class='ocrx_word' id='word_1_58' title='bbox 861 1264 919 1326; x_wconf 94' lang='lat' dir='ltr'>sed</span> <span class='ocrx_word' id='word_1_59' title='bbox 949 1265 1134 1344; x_wconf 83' lang='lat' dir='ltr'>ceteroquin</span> <span class='ocrx_word' id='word_1_60' title='bbox 1168 1265 1295 1347; x_wconf 91' lang='lat' dir='ltr'>saepius</span> <span class='ocrx_word' id='word_1_61' title='bbox 1317 1266 1405 1327; x_wconf 92' lang='lat' dir='ltr'>velut</span> 
     </span>
     <span class='ocr_line' id='line_1_9' title="bbox 146 1358 1405 1456; baseline 0.005 -27"><span class='ocrx_word' id='word_1_62' title='bbox 146 1367 251 1434; x_wconf 92' lang='lat' dir='ltr'>Thuc.</span> <span class='ocrx_word' id='word_1_63' title='bbox 276 1369 320 1431; x_wconf 92' lang='grc' dir='ltr'>ΙΙΙ</span> <span class='ocrx_word' id='word_1_64' title='bbox 344 1371 383 1432; x_wconf 82' lang='grc'>82</span> <span class='ocrx_word' id='word_1_65' title='bbox 407 1390 432 1435; x_wconf 91' lang='lat' dir='ltr'>s.</span> <span class='ocrx_word' id='word_1_66' title='bbox 455 1368 525 1438; x_wconf 88' lang='lat' dir='ltr'>lin:</span> <span class='ocrx_word' id='word_1_67' title='bbox 558 1358 679 1456; x_wconf 79' lang='grc' dir='ltr'><strong><em>ἢμετὰ</em></strong></span> <span class='ocrx_word' id='word_1_68' title='bbox 709 1364 824 1452; x_wconf 81' lang='grc' dir='ltr'><em>ψήφου</em></span> <span class='ocrx_word' id='word_1_69' title='bbox 847 1362 965 1433; x_wconf 80' lang='grc' dir='ltr'><em>ἀδίκου</em></span> <span class='ocrx_word' id='word_1_70' title='bbox 994 1363 1228 1453; x_wconf 75' lang='grc' dir='ltr'><strong><em>καταγνώσεως</em></strong></span> <span class='ocrx_word' id='word_1_71' title='bbox 1250 1360 1270 1456; x_wconf 76' lang='grc' dir='ltr'>ἢ</span> <span class='ocrx_word' id='word_1_72' title='bbox 1291 1369 1405 1454; x_wconf 81' lang='grc' dir='ltr'><strong><em>χειρὶ</em></strong></span> 
     </span>
     <span class='ocr_line' id='line_1_10' title="bbox 142 1468 1405 1560; baseline 0.002 -24"><span class='ocrx_word' id='word_1_73' title='bbox 142 1468 305 1554; x_wconf 82' lang='grc' dir='ltr'><strong><em>κτώμενοι</em></strong></span> <span class='ocrx_word' id='word_1_74' title='bbox 325 1469 363 1540; x_wconf 88' lang='grc' dir='ltr'>τὸ</span> <span class='ocrx_word' id='word_1_75' title='bbox 386 1477 523 1558; x_wconf 88' lang='grc' dir='ltr'><strong><em>κρατεῖν.</em></strong></span> <span class='ocrx_word' id='word_1_76' title='bbox 567 1472 702 1555; x_wconf 87' lang='lat' dir='ltr'>Antiph.</span> <span class='ocrx_word' id='word_1_77' title='bbox 727 1473 757 1534; x_wconf 89' lang='lat' dir='ltr'>V</span> <span class='ocrx_word' id='word_1_78' title='bbox 780 1490 836 1552; x_wconf 90' lang='lat'>92:</span> <span class='ocrx_word' id='word_1_79' title='bbox 870 1472 927 1538; x_wconf 85' lang='grc' dir='ltr'>καί</span> <span class='ocrx_word' id='word_1_80' title='bbox 949 1474 1012 1554; x_wconf 83' lang='grc' dir='ltr'>μὴν</span> <span class='ocrx_word' id='word_1_81' title='bbox 1033 1471 1091 1558; x_wconf 74' lang='grc' dir='ltr'>τὴν</span> <span class='ocrx_word' id='word_1_82' title='bbox 1114 1468 1189 1560; x_wconf 78' lang='grc' dir='ltr'><strong><em>’ίσιγν</em></strong></span> <span class='ocrx_word' id='word_1_83' title='bbox 1212 1499 1246 1559; x_wconf 92' lang='grc' dir='ltr'><strong><em>γε</em></strong></span> <span class='ocrx_word' id='word_1_84' title='bbox 1268 1470 1405 1558; x_wconf 82' lang='grc' dir='ltr'><strong><em>δύναμιν</em></strong></span> 
     </span>
     <span class='ocr_line' id='line_1_11' title="bbox 146 1570 1402 1667; baseline 0 -25"><span class='ocrx_word' id='word_1_85' title='bbox 146 1571 214 1658; x_wconf 74' lang='grc' dir='ltr'><strong><em>ἔχει</em></strong></span> <span class='ocrx_word' id='word_1_86' title='bbox 246 1571 336 1656; x_wconf 78' lang='grc' dir='ltr'><strong><em>ὅστις</em></strong></span> <span class='ocrx_word' id='word_1_87' title='bbox 363 1601 398 1643; x_wconf 88' lang='grc' dir='ltr'><strong><em>τε</em></strong></span> <span class='ocrx_word' id='word_1_88' title='bbox 426 1570 466 1643; x_wconf 81' lang='grc' dir='ltr'>ἀν</span> <span class='ocrx_word' id='word_1_89' title='bbox 493 1580 533 1664; x_wconf 81' lang='grc' dir='ltr'>τῇ</span> <span class='ocrx_word' id='word_1_90' title='bbox 553 1577 667 1662; x_wconf 86' lang='grc' dir='ltr'><strong><em>χειρὶ</em></strong></span> <span class='ocrx_word' id='word_1_91' title='bbox 690 1571 868 1665; x_wconf 74' lang='grc' dir='ltr'><strong><em>ἀποκτείνῃ</em></strong></span> <span class='ocrx_word' id='word_1_92' title='bbox 891 1571 1015 1657; x_wconf 79' lang='grc' dir='ltr'><strong><em>ἀδίκως</em></strong></span> <span class='ocrx_word' id='word_1_93' title='bbox 1036 1578 1093 1645; x_wconf 82' lang='grc' dir='ltr'>καί</span> <span class='ocrx_word' id='word_1_94' title='bbox 1115 1573 1206 1658; x_wconf 82' lang='grc' dir='ltr'><strong><em>ὅστις</em></strong></span> <span class='ocrx_word' id='word_1_95' title='bbox 1227 1582 1269 1666; x_wconf 77' lang='grc' dir='ltr'>τῇ</span> <span class='ocrx_word' id='word_1_96' title='bbox 1290 1577 1402 1667; x_wconf 77' lang='grc' dir='ltr'><em>ψήφῳ.</em></span> 
     </span>
     <span class='ocr_line' id='line_1_12' title="bbox 231 1683 1404 1766; baseline 0.003 -21"><span class='ocrx_word' id='word_1_97' title='bbox 231 1683 383 1759; x_wconf 90' lang='lat' dir='ltr'>Videsne,</span> <span class='ocrx_word' id='word_1_98' title='bbox 414 1685 446 1746; x_wconf 94' lang='lat' dir='ltr'>id</span> <span class='ocrx_word' id='word_1_99' title='bbox 473 1685 561 1766; x_wconf 93' lang='lat' dir='ltr'>quod</span> <span class='ocrx_word' id='word_1_100' title='bbox 591 1685 739 1747; x_wconf 91' lang='lat' dir='ltr'>volumus</span> <span class='ocrx_word' id='word_1_101' title='bbox 769 1703 867 1764; x_wconf 92' lang='lat' dir='ltr'>quam</span> <span class='ocrx_word' id='word_1_102' title='bbox 893 1685 1035 1747; x_wconf 82' lang='lat' dir='ltr'>maxime</span> <span class='ocrx_word' id='word_1_103' title='bbox 1057 1684 1144 1748; x_wconf 92' lang='lat' dir='ltr'>hisce</span> <span class='ocrx_word' id='word_1_104' title='bbox 1166 1685 1230 1747; x_wconf 92' lang='lat' dir='ltr'>iam</span> <span class='ocrx_word' id='word_1_105' title='bbox 1252 1685 1404 1749; x_wconf 86' lang='lat' dir='ltr'>eflectum</span> 
     </span>
     <span class='ocr_line' id='line_1_13' title="bbox 144 1789 1404 1866; baseline 0.001 -14"><span class='ocrx_word' id='word_1_106' title='bbox 144 1809 217 1852; x_wconf 90' lang='lat' dir='ltr'>esse</span> <span class='ocrx_word' id='word_1_107' title='bbox 253 1791 458 1864; x_wconf 77' lang='lat' dir='ltr'>testimoniis3</span> <span class='ocrx_word' id='word_1_108' title='bbox 494 1809 599 1851; x_wconf 90' lang='lat' dir='ltr'>nonne</span> <span class='ocrx_word' id='word_1_109' title='bbox 636 1789 883 1852; x_wconf 88' lang='lat' dir='ltr'>luculentissime</span> <span class='ocrx_word' id='word_1_110' title='bbox 919 1790 1175 1854; x_wconf 91' lang='lat' dir='ltr'>demonstratum</span> <span class='ocrx_word' id='word_1_111' title='bbox 1211 1802 1269 1866; x_wconf 87' lang='lat' dir='ltr'>est,</span> <span class='ocrx_word' id='word_1_112' title='bbox 1308 1813 1404 1854; x_wconf 89' lang='lat' dir='ltr'>unam</span> 
     </span>
     <span class='ocr_line' id='line_1_14' title="bbox 144 1893 1405 1980; baseline 0.001 -23"><span class='ocrx_word' id='word_1_113' title='bbox 144 1906 272 1958; x_wconf 88' lang='lat' dir='ltr'>tantum</span> <span class='ocrx_word' id='word_1_114' title='bbox 302 1915 319 1957; x_wconf 93' lang='lat' dir='ltr'>e</span> <span class='ocrx_word' id='word_1_115' title='bbox 348 1894 456 1958; x_wconf 89' lang='lat' dir='ltr'>multis</span> <span class='ocrx_word' id='word_1_116' title='bbox 487 1896 643 1958; x_wconf 89' lang='lat' dir='ltr'>rationem</span> <span class='ocrx_word' id='word_1_117' title='bbox 674 1894 811 1967; x_wconf 89' lang='lat' dir='ltr'>indicari,</span> <span class='ocrx_word' id='word_1_118' title='bbox 842 1896 868 1956; x_wconf 91' lang='lat' dir='ltr'>si</span> <span class='ocrx_word' id='word_1_119' title='bbox 892 1895 962 1976; x_wconf 92' lang='lat' dir='ltr'>quis</span> <span class='ocrx_word' id='word_1_120' title='bbox 984 1893 1071 1980; x_wconf 84' lang='grc' dir='ltr'><strong><em>χειρί</em></strong></span> <span class='ocrx_word' id='word_1_121' title='bbox 1101 1896 1217 1958; x_wconf 87' lang='lat' dir='ltr'>utitur?</span> <span class='ocrx_word' id='word_1_122' title='bbox 1246 1896 1405 1959; x_wconf 86' lang='lat' dir='ltr'>falsissimi</span> 
     </span>
     <span class='ocr_line' id='line_1_15' title="bbox 145 1999 1405 2080; baseline 0.006 -18"><span class='ocrx_word' id='word_1_123' title='bbox 145 2009 230 2075; x_wconf 90' lang='lat' dir='ltr'>sunt,</span> <span class='ocrx_word' id='word_1_124' title='bbox 252 2001 306 2080; x_wconf 92' lang='lat' dir='ltr'>qui</span> <span class='ocrx_word' id='word_1_125' title='bbox 328 1999 462 2063; x_wconf 88' lang='lat' dir='ltr'>alterum</span> <span class='ocrx_word' id='word_1_126' title='bbox 483 2000 647 2063; x_wconf 91' lang='lat' dir='ltr'>hominem</span> <span class='ocrx_word' id='word_1_127' title='bbox 670 1999 849 2062; x_wconf 92' lang='lat' dir='ltr'>necessario</span> <span class='ocrx_word' id='word_1_128' title='bbox 864 2000 1096 2080; x_wconf 91' lang='lat' dir='ltr'>opponendum</span> <span class='ocrx_word' id='word_1_129' title='bbox 1112 2021 1183 2063; x_wconf 89' lang='lat' dir='ltr'>esse</span> <span class='ocrx_word' id='word_1_130' title='bbox 1198 2004 1405 2069; x_wconf 89' lang='lat' dir='ltr'>contendunt.</span> 
     </span>
     <span class='ocr_line' id='line_1_16' title="bbox 233 2102 1405 2188; baseline -0.001 -19"><span class='ocrx_word' id='word_1_131' title='bbox 233 2105 389 2170; x_wconf 85' lang='lat' dir='ltr'>Confecta</span> <span class='ocrx_word' id='word_1_132' title='bbox 419 2115 468 2168; x_wconf 89' lang='lat' dir='ltr'>est</span> <span class='ocrx_word' id='word_1_133' title='bbox 497 2125 562 2182; x_wconf 91' lang='lat' dir='ltr'>res;</span> <span class='ocrx_word' id='word_1_134' title='bbox 593 2113 702 2167; x_wconf 88' lang='lat' dir='ltr'>tamen</span> <span class='ocrx_word' id='word_1_135' title='bbox 730 2102 834 2166; x_wconf 85' lang='lat' dir='ltr'>facere</span> <span class='ocrx_word' id='word_1_136' title='bbox 864 2124 929 2165; x_wconf 92' lang='lat' dir='ltr'>non</span> <span class='ocrx_word' id='word_1_137' title='bbox 962 2125 1095 2185; x_wconf 88' lang='lat' dir='ltr'>possum</span> <span class='ocrx_word' id='word_1_138' title='bbox 1126 2107 1202 2188; x_wconf 91' lang='lat' dir='ltr'>quin</span> <span class='ocrx_word' id='word_1_139' title='bbox 1236 2126 1341 2169; x_wconf 92' lang='lat' dir='ltr'>morer</span> <span class='ocrx_word' id='word_1_140' title='bbox 1373 2107 1405 2168; x_wconf 95' lang='lat' dir='ltr'>in</span> 
     </span>
     <span class='ocr_line' id='line_1_17' title="bbox 145 2210 1404 2293; baseline 0.001 -19"><span class='ocrx_word' id='word_1_141' title='bbox 145 2211 284 2293; x_wconf 88' lang='lat' dir='ltr'>Antiph.</span> <span class='ocrx_word' id='word_1_142' title='bbox 306 2211 354 2274; x_wconf 93' lang='lat' dir='ltr'>VI</span> <span class='ocrx_word' id='word_1_143' title='bbox 377 2210 450 2274; x_wconf 92' lang='lat' dir='ltr'>loco</span> <span class='ocrx_word' id='word_1_144' title='bbox 473 2210 700 2286; x_wconf 89' lang='lat' dir='ltr'>illustrissimo;</span> <span class='ocrx_word' id='word_1_145' title='bbox 722 2210 851 2290; x_wconf 84' lang='lat' dir='ltr'>egregie</span> <span class='ocrx_word' id='word_1_146' title='bbox 874 2211 959 2272; x_wconf 91' lang='lat' dir='ltr'>enim</span> <span class='ocrx_word' id='word_1_147' title='bbox 980 2212 1032 2273; x_wconf 87' lang='lat' dir='ltr'>ille</span> <span class='ocrx_word' id='word_1_148' title='bbox 1047 2232 1115 2274; x_wconf 92' lang='lat' dir='ltr'>rem</span> <span class='ocrx_word' id='word_1_149' title='bbox 1130 2222 1274 2275; x_wconf 88' lang='lat' dir='ltr'>nostram</span> <span class='ocrx_word' id='word_1_150' title='bbox 1289 2220 1404 2275; x_wconf 92' lang='lat' dir='ltr'>tuetur.</span> 
     </span>
     <span class='ocr_line' id='line_1_18' title="bbox 146 2315 1404 2400; baseline -0.001 -22"><span class='ocrx_word' id='word_1_151' title='bbox 146 2316 388 2400; x_wconf 85' lang='lat' dir='ltr'>Argumentum</span> <span class='ocrx_word' id='word_1_152' title='bbox 410 2317 563 2379; x_wconf 91' lang='lat' dir='ltr'>orationis</span> <span class='ocrx_word' id='word_1_153' title='bbox 584 2335 681 2396; x_wconf 92' lang='lat' dir='ltr'>supra</span> <span class='ocrx_word' id='word_1_154' title='bbox 703 2316 746 2395; x_wconf 85' lang='lat' dir='ltr'>(p.</span> <span class='ocrx_word' id='word_1_155' title='bbox 772 2315 801 2395; x_wconf 84' lang='lat'>5)</span> <span class='ocrx_word' id='word_1_156' title='bbox 825 2316 889 2377; x_wconf 93' lang='lat' dir='ltr'>iam</span> <span class='ocrx_word' id='word_1_157' title='bbox 911 2317 1098 2397; x_wconf 87' lang='lat' dir='ltr'>expositum</span> <span class='ocrx_word' id='word_1_158' title='bbox 1119 2327 1185 2395; x_wconf 89' lang='lat' dir='ltr'>est;</span> <span class='ocrx_word' id='word_1_159' title='bbox 1210 2317 1307 2380; x_wconf 86' lang='lat' dir='ltr'>frater</span> <span class='ocrx_word' id='word_1_160' title='bbox 1328 2316 1404 2378; x_wconf 93' lang='lat' dir='ltr'>Dio·</span> 
     </span>
     <span class='ocr_line' id='line_1_19' title="bbox 146 2416 1403 2503; baseline 0.002 -19"><span class='ocrx_word' id='word_1_161' title='bbox 146 2422 216 2484; x_wconf 89' lang='lat' dir='ltr'>doti</span> <span class='ocrx_word' id='word_1_162' title='bbox 239 2431 382 2484; x_wconf 90' lang='lat' dir='ltr'>actorem</span> <span class='ocrx_word' id='word_1_163' title='bbox 406 2421 511 2502; x_wconf 91' lang='lat' dir='ltr'>arguit</span> <span class='ocrx_word' id='word_1_164' title='bbox 532 2419 727 2484; x_wconf 83' lang='lat' dir='ltr'>interfecisse</span> <span class='ocrx_word' id='word_1_165' title='bbox 751 2439 885 2498; x_wconf 90' lang='lat' dir='ltr'>puerum</span> <span class='ocrx_word' id='word_1_166' title='bbox 914 2416 1150 2502; x_wconf 78' lang='grc' dir='ltr'><strong><em>νβουλεύσαντα</em></strong></span> <span class='ocrx_word' id='word_1_167' title='bbox 1171 2416 1403 2503; x_wconf 70' lang='lat' dir='ltr'>sorduimus,</span> 
     </span>
     <span class='ocr_line' id='line_1_20' title="bbox 148 2515 1406 2613; baseline 0.001 -23"><span class='ocrx_word' id='word_1_168' title='bbox 148 2537 262 2590; x_wconf 92' lang='lat' dir='ltr'>contra</span> <span class='ocrx_word' id='word_1_169' title='bbox 290 2547 362 2589; x_wconf 91' lang='lat' dir='ltr'>reus</span> <span class='ocrx_word' id='word_1_170' title='bbox 389 2536 551 2590; x_wconf 84' lang='lat' dir='ltr'>asseverat</span> <span class='ocrx_word' id='word_1_171' title='bbox 580 2515 644 2609; x_wconf 79' lang='grc' dir='ltr'><strong><em>ἐγιδ</em></strong></span> <span class='ocrx_word' id='word_1_172' title='bbox 673 2521 710 2590; x_wconf 81' lang='grc' dir='ltr'>δὲ</span> <span class='ocrx_word' id='word_1_173' title='bbox 739 2524 782 2605; x_wconf 81' lang='grc' dir='ltr'>μὴ</span> <span class='ocrx_word' id='word_1_174' title='bbox 812 2516 1019 2604; x_wconf 88' lang='grc' dir='ltr'><strong><em>ἀποκτεῖναι,</em></strong></span> <span class='ocrx_word' id='word_1_175' title='bbox 1040 2519 1119 2613; x_wconf 72' lang='grc' dir='ltr'><strong><em>μήτε</em></strong></span> <span class='ocrx_word' id='word_1_176' title='bbox 1138 2527 1224 2613; x_wconf 84' lang='grc' dir='ltr'><strong><em>χειρί</em></strong></span> <span class='ocrx_word' id='word_1_177' title='bbox 1247 2523 1406 2612; x_wconf 87' lang='grc' dir='ltr'><strong><em>ἀράμενος</em></strong></span> 
     </span>
     <span class='ocr_line' id='line_1_21' title="bbox 147 2627 1404 2720; baseline -0.003 -23"><span class='ocrx_word' id='word_1_178' title='bbox 147 2629 230 2720; x_wconf 85' lang='grc' dir='ltr'><strong><em>μήτε</em></strong></span> <span class='ocrx_word' id='word_1_179' title='bbox 250 2627 427 2716; x_wconf 76' lang='grc' dir='ltr'><strong><em>βουλεύσας</em></strong></span> <span class='ocrx_word' id='word_1_180' title='bbox 449 2632 483 2716; x_wconf 67' lang='grc' dir='ltr'>(ξ</span> <span class='ocrx_word' id='word_1_181' title='bbox 511 2631 571 2714; x_wconf 89' lang='lat'>16).</span> <span class='ocrx_word' id='word_1_182' title='bbox 615 2630 800 2692; x_wconf 89' lang='lat' dir='ltr'>Verborum</span> <span class='ocrx_word' id='word_1_183' title='bbox 830 2639 989 2692; x_wconf 88' lang='lat' dir='ltr'>structura</span> <span class='ocrx_word' id='word_1_184' title='bbox 1013 2643 1160 2696; x_wconf 90' lang='lat' dir='ltr'>accurate</span> <span class='ocrx_word' id='word_1_185' title='bbox 1182 2654 1250 2697; x_wconf 92' lang='lat' dir='ltr'>rem</span> <span class='ocrx_word' id='word_1_186' title='bbox 1273 2651 1404 2715; x_wconf 90' lang='lat' dir='ltr'>perpen-</span> 
     </span>
     <span class='ocr_line' id='line_1_22' title="bbox 148 2734 1406 2820; baseline -0.002 -18"><span class='ocrx_word' id='word_1_187' title='bbox 148 2740 236 2802; x_wconf 89' lang='lat' dir='ltr'>denti</span> <span class='ocrx_word' id='word_1_188' title='bbox 265 2737 341 2800; x_wconf 94' lang='lat' dir='ltr'>nihil</span> <span class='ocrx_word' id='word_1_189' title='bbox 375 2738 511 2819; x_wconf 83' lang='lat' dir='ltr'>praebet</span> <span class='ocrx_word' id='word_1_190' title='bbox 547 2735 745 2811; x_wconf 86' lang='lat' dir='ltr'>offensionis;</span> <span class='ocrx_word' id='word_1_191' title='bbox 776 2735 903 2797; x_wconf 87' lang='lat' dir='ltr'>dativus</span> <span class='ocrx_word' id='word_1_192' title='bbox 936 2734 1023 2820; x_wconf 85' lang='grc' dir='ltr'><strong><em>χειρὶ</em></strong></span> <span class='ocrx_word' id='word_1_193' title='bbox 1059 2737 1243 2801; x_wconf 83' lang='lat' dir='ltr'>referendus</span> <span class='ocrx_word' id='word_1_194' title='bbox 1278 2748 1328 2800; x_wconf 93' lang='lat' dir='ltr'>est</span> <span class='ocrx_word' id='word_1_195' title='bbox 1365 2738 1406 2799; x_wconf 92' lang='lat' dir='ltr'>ad</span> 
     </span>
     <span class='ocr_line' id='line_1_23' title="bbox 148 2835 1403 2926; baseline -0.002 -20"><span class='ocrx_word' id='word_1_196' title='bbox 148 2844 284 2907; x_wconf 93' lang='lat' dir='ltr'>verbum</span> <span class='ocrx_word' id='word_1_197' title='bbox 316 2835 511 2907; x_wconf 89' lang='grc' dir='ltr'><strong><em>ἀποκτεῖναι</em></strong></span> <span class='ocrx_word' id='word_1_198' title='bbox 542 2843 623 2905; x_wconf 93' lang='lat' dir='ltr'>sicut</span> <span class='ocrx_word' id='word_1_199' title='bbox 653 2841 730 2902; x_wconf 81' lang='lat' dir='ltr'>Ant.</span> <span class='ocrx_word' id='word_1_200' title='bbox 755 2839 786 2900; x_wconf 94' lang='lat' dir='ltr'>V</span> <span class='ocrx_word' id='word_1_201' title='bbox 808 2856 850 2920; x_wconf 90' lang='lat'>92</span> <span class='ocrx_word' id='word_1_202' title='bbox 879 2843 918 2926; x_wconf 82' lang='grc' dir='ltr'>τῇ</span> <span class='ocrx_word' id='word_1_203' title='bbox 943 2841 1029 2925; x_wconf 82' lang='grc' dir='ltr'><strong><em>χειρί</em></strong></span> <span class='ocrx_word' id='word_1_204' title='bbox 1059 2839 1254 2911; x_wconf 84' lang='grc' dir='ltr'><strong><em>ἀποκτείνω.</em></strong></span> <span class='ocrx_word' id='word_1_205' title='bbox 1300 2842 1403 2905; x_wconf 90' lang='lat' dir='ltr'>Thuc.</span> 
     </span>
     <span class='ocr_line' id='line_1_24' title="bbox 147 2935 1405 3033; baseline -0.002 -21"><span class='ocrx_word' id='word_1_206' title='bbox 147 2949 274 3012; x_wconf 85' lang='lat'>11182:</span> <span class='ocrx_word' id='word_1_207' title='bbox 300 2947 386 3033; x_wconf 85' lang='grc' dir='ltr'><strong><em>χειρί</em></strong></span> <span class='ocrx_word' id='word_1_208' title='bbox 408 2951 570 3023; x_wconf 75' lang='grc' dir='ltr'><strong><em>κτᾶσθαι;</em></strong></span> <span class='ocrx_word' id='word_1_209' title='bbox 594 2945 796 3028; x_wconf 86' lang='lat' dir='ltr'>participium</span> <span class='ocrx_word' id='word_1_210' title='bbox 822 2935 983 3029; x_wconf 82' lang='grc' dir='ltr'><strong><em>ἀράμενος</em></strong></span> <span class='ocrx_word' id='word_1_211' title='bbox 1011 2968 1054 3010; x_wconf 86' lang='lat' dir='ltr'>ex</span> <span class='ocrx_word' id='word_1_212' title='bbox 1075 2949 1226 3031; x_wconf 81' lang='lat' dir='ltr'>singulari</span> <span class='ocrx_word' id='word_1_213' title='bbox 1248 2949 1405 3011; x_wconf 89' lang='lat' dir='ltr'>sermonis</span> 
     </span>
     <span class='ocr_line' id='line_1_25' title="bbox 149 3052 1405 3123; baseline -0.002 -6"><span class='ocrx_word' id='word_1_214' title='bbox 149 3054 265 3118; x_wconf 89' lang='lat' dir='ltr'>Graeci</span> <span class='ocrx_word' id='word_1_215' title='bbox 294 3055 523 3118; x_wconf 88' lang='lat' dir='ltr'>consuetudine</span> <span class='ocrx_word' id='word_1_216' title='bbox 550 3052 693 3115; x_wconf 89' lang='lat' dir='ltr'>additum</span> <span class='ocrx_word' id='word_1_217' title='bbox 724 3058 781 3123; x_wconf 85' lang='lat' dir='ltr'>est,</span> <span class='ocrx_word' id='word_1_218' title='bbox 806 3053 927 3114; x_wconf 87' lang='lat' dir='ltr'>scilicet</span> <span class='ocrx_word' id='word_1_219' title='bbox 958 3072 998 3115; x_wconf 96' lang='lat' dir='ltr'>ne</span> <span class='ocrx_word' id='word_1_220' title='bbox 1029 3075 1127 3118; x_wconf 94' lang='lat' dir='ltr'>unum</span> <span class='ocrx_word' id='word_1_221' title='bbox 1149 3057 1181 3117; x_wconf 91' lang='lat' dir='ltr'>in</span> <span class='ocrx_word' id='word_1_222' title='bbox 1201 3055 1328 3117; x_wconf 93' lang='lat' dir='ltr'>actione</span> <span class='ocrx_word' id='word_1_223' title='bbox 1353 3054 1405 3116; x_wconf 92' lang='lat' dir='ltr'>de-</span> 
     </span>
     <span class='ocr_line' id='line_1_26' title="bbox 148 3154 1405 3242; baseline -0.002 -19"><span class='ocrx_word' id='word_1_224' title='bbox 148 3160 318 3223; x_wconf 88' lang='lat' dir='ltr'>scribenda</span> <span class='ocrx_word' id='word_1_225' title='bbox 348 3160 529 3222; x_wconf 88' lang='lat' dir='ltr'>membrum</span> <span class='ocrx_word' id='word_1_226' title='bbox 558 3158 684 3220; x_wconf 90' lang='lat' dir='ltr'>deesset</span> <span class='ocrx_word' id='word_1_227' title='bbox 712 3154 761 3218; x_wconf 87' lang='lat' dir='ltr'>vel</span> <span class='ocrx_word' id='word_1_228' title='bbox 790 3157 976 3237; x_wconf 91' lang='lat' dir='ltr'>parvulum;</span> <span class='ocrx_word' id='word_1_229' title='bbox 1007 3161 1193 3242; x_wconf 86' lang='lat' dir='ltr'>saepissime</span> <span class='ocrx_word' id='word_1_230' title='bbox 1224 3161 1267 3222; x_wconf 86' lang='lat' dir='ltr'>ita</span> <span class='ocrx_word' id='word_1_231' title='bbox 1289 3159 1405 3222; x_wconf 89' lang='lat' dir='ltr'>diserte</span> 
     </span>
     <span class='ocr_line' id='line_1_27' title="bbox 149 3262 1406 3348; baseline -0.003 -20"><span class='ocrx_word' id='word_1_232' title='bbox 149 3267 238 3348; x_wconf 85' lang='lat' dir='ltr'>apud</span> <span class='ocrx_word' id='word_1_233' title='bbox 270 3264 429 3337; x_wconf 89' lang='lat' dir='ltr'>Graecos,</span> <span class='ocrx_word' id='word_1_234' title='bbox 467 3285 550 3344; x_wconf 91' lang='lat' dir='ltr'>quae</span> <span class='ocrx_word' id='word_1_235' title='bbox 584 3283 643 3324; x_wconf 92' lang='lat' dir='ltr'>nos</span> <span class='ocrx_word' id='word_1_236' title='bbox 679 3262 810 3342; x_wconf 89' lang='lat' dir='ltr'>quidem</span> <span class='ocrx_word' id='word_1_237' title='bbox 843 3262 1014 3334; x_wconf 87' lang='lat' dir='ltr'>subaudire</span> <span class='ocrx_word' id='word_1_238' title='bbox 1044 3265 1202 3339; x_wconf 89' lang='lat' dir='ltr'>solemus,</span> <span class='ocrx_word' id='word_1_239' title='bbox 1240 3263 1406 3345; x_wconf 86' lang='lat' dir='ltr'>participia</span> 
     </span>
     <span class='ocr_line' id='line_1_28' title="bbox 149 3361 1404 3453; baseline -0.002 -19"><span class='ocrx_word' id='word_1_240' title='bbox 149 3372 325 3448; x_wconf 88' lang='lat' dir='ltr'>adduntur;</span> <span class='ocrx_word' id='word_1_241' title='bbox 358 3370 398 3431; x_wconf 91' lang='lat' dir='ltr'>ad</span> <span class='ocrx_word' id='word_1_242' title='bbox 430 3361 588 3453; x_wconf 84' lang='grc' dir='ltr'><strong><em>ἀράμενος</em></strong></span> <span class='ocrx_word' id='word_1_243' title='bbox 618 3366 733 3429; x_wconf 92' lang='lat' dir='ltr'>deinde</span> <span class='ocrx_word' id='word_1_244' title='bbox 762 3369 960 3448; x_wconf 88' lang='lat' dir='ltr'>supplendus</span> <span class='ocrx_word' id='word_1_245' title='bbox 990 3375 1053 3428; x_wconf 55' lang='lat' dir='ltr'>est*</span> <span class='ocrx_word' id='word_1_246' title='bbox 1068 3367 1099 3428; x_wconf 94' lang='lat' dir='ltr'>in</span> <span class='ocrx_word' id='word_1_247' title='bbox 1133 3370 1328 3449; x_wconf 84' lang='lat' dir='ltr'>cogitatione</span> <span class='ocrx_word' id='word_1_248' title='bbox 1355 3389 1404 3432; x_wconf 93' lang='lat' dir='ltr'>ac·</span> 
     </span>
     <span class='ocr_line' id='line_1_29' title="bbox 148 3459 1407 3562; baseline -0.002 -24"><span class='ocrx_word' id='word_1_249' title='bbox 148 3477 311 3539; x_wconf 85' lang='lat' dir='ltr'>cusativus</span> <span class='ocrx_word' id='word_1_250' title='bbox 342 3471 400 3562; x_wconf 72' lang='grc' dir='ltr'>τὴν</span> <span class='ocrx_word' id='word_1_251' title='bbox 427 3477 521 3557; x_wconf 88' lang='grc' dir='ltr'><strong><em>χεῖρα</em></strong></span> <span class='ocrx_word' id='word_1_252' title='bbox 553 3473 641 3536; x_wconf 92' lang='lat' dir='ltr'>velut</span> <span class='ocrx_word' id='word_1_253' title='bbox 671 3471 837 3553; x_wconf 87' lang='lat' dir='ltr'>Aristoph.</span> <span class='ocrx_word' id='word_1_254' title='bbox 869 3472 960 3535; x_wconf 90' lang='lat' dir='ltr'>Aves</span> <span class='ocrx_word' id='word_1_255' title='bbox 992 3471 1045 3551; x_wconf 85' lang='lat'>56:</span> <span class='ocrx_word' id='word_1_256' title='bbox 1085 3468 1141 3536; x_wconf 73' lang='grc' dir='ltr'>»σὺ</span> <span class='ocrx_word' id='word_1_257' title='bbox 1166 3464 1198 3536; x_wconf 73' lang='grc' dir='ltr'>δ’</span> <span class='ocrx_word' id='word_1_258' title='bbox 1231 3459 1287 3538; x_wconf 81' lang='grc' dir='ltr'>οάν</span> <span class='ocrx_word' id='word_1_259' title='bbox 1317 3471 1407 3559; x_wconf 68' lang='grc' dir='ltr'><strong><em>λίθῳ</em></strong></span> 
     </span>
     <span class='ocr_line' id='line_1_30' title="bbox 148 3568 1404 3666; baseline -0.002 -22"><span class='ocrx_word' id='word_1_260' title='bbox 148 3575 257 3664; x_wconf 80' lang='grc' dir='ltr'><strong><em>κόψον</em></strong></span> <span class='ocrx_word' id='word_1_261' title='bbox 292 3576 403 3664; x_wconf 80' lang='grc' dir='ltr'><strong><em>λαβών</em></strong></span> <span class='ocrx_word' id='word_1_262' title='bbox 435 3581 491 3663; x_wconf 89' lang='lat' dir='ltr'>(sc.</span> <span class='ocrx_word' id='word_1_263' title='bbox 526 3575 638 3661; x_wconf 72' lang='grc' dir='ltr'><strong><em>λίθον)</em></strong></span> <span class='ocrx_word' id='word_1_264' title='bbox 675 3577 736 3643; x_wconf 91' lang='lat' dir='ltr'>vel.</span> <span class='ocrx_word' id='word_1_265' title='bbox 773 3597 803 3639; x_wconf 89' lang='lat' dir='ltr'>v.</span> <span class='ocrx_word' id='word_1_266' title='bbox 838 3593 935 3655; x_wconf 85' lang='lat'>1004:</span> <span class='ocrx_word' id='word_1_267' title='bbox 982 3568 1074 3663; x_wconf 73' lang='grc' dir='ltr'><strong><em>ὀρθῷ</em></strong></span> <span class='ocrx_word' id='word_1_268' title='bbox 1109 3572 1257 3666; x_wconf 74' lang='grc' dir='ltr'><strong><em>μετρήσω</em></strong></span> <span class='ocrx_word' id='word_1_269' title='bbox 1292 3573 1404 3644; x_wconf 87' lang='grc' dir='ltr'><strong><em>κανόνι</em></strong></span> 
     </span>
     <span class='ocr_line' id='line_1_31' title="bbox 148 3679 1406 3770; baseline -0.004 -20"><span class='ocrx_word' id='word_1_270' title='bbox 148 3682 347 3770; x_wconf 73' lang='grc' dir='ltr'><strong><em>προστιθείς</em></strong></span> <span class='ocrx_word' id='word_1_271' title='bbox 383 3688 438 3766; x_wconf 83' lang='lat' dir='ltr'>(sc.</span> <span class='ocrx_word' id='word_1_272' title='bbox 479 3679 612 3767; x_wconf 88' lang='grc' dir='ltr'><strong><em>κανόνα)</em></strong></span> <span class='ocrx_word' id='word_1_273' title='bbox 621 3683 656 3766; x_wconf 84' lang='lat'>²).</span> <span class='ocrx_word' id='word_1_274' title='bbox 713 3682 812 3762; x_wconf 85' lang='lat' dir='ltr'>Quod</span> <span class='ocrx_word' id='word_1_275' title='bbox 853 3682 968 3745; x_wconf 89' lang='lat' dir='ltr'>deinde</span> <span class='ocrx_word' id='word_1_276' title='bbox 1007 3683 1248 3765; x_wconf 81' lang='lat' dir='ltr'>Maetznerus³)&#39;</span> <span class='ocrx_word' id='word_1_277' title='bbox 1282 3685 1406 3746; x_wconf 87' lang='lat' dir='ltr'>monuit</span> 
     </span>
     <span class='ocr_line' id='line_1_32' title="bbox 149 3778 1406 3872; baseline -0.002 -18"><span class='ocrx_word' id='word_1_278' title='bbox 149 3791 289 3854; x_wconf 88' lang='lat' dir='ltr'>activam</span> <span class='ocrx_word' id='word_1_279' title='bbox 323 3791 412 3854; x_wconf 91' lang='lat' dir='ltr'>verbi</span> <span class='ocrx_word' id='word_1_280' title='bbox 451 3789 587 3853; x_wconf 80' lang='lat' dir='ltr'>formam</span> <span class='ocrx_word' id='word_1_281' title='bbox 623 3778 705 3872; x_wconf 85' lang='grc' dir='ltr'><strong><em>ἀίρας</em></strong></span> <span class='ocrx_word' id='word_1_282' title='bbox 740 3787 912 3868; x_wconf 90' lang='lat' dir='ltr'>postulari,</span> <span class='ocrx_word' id='word_1_283' title='bbox 948 3785 1096 3850; x_wconf 79' lang='lat' dir='ltr'>refutavit</span> <span class='ocrx_word' id='word_1_284' title='bbox 1131 3788 1314 3864; x_wconf 88' lang='lat' dir='ltr'>Vahlenus‚</span> <span class='ocrx_word' id='word_1_285' title='bbox 1352 3791 1406 3870; x_wconf 91' lang='lat' dir='ltr'>qui</span> 
     </span>
     <span class='ocr_line' id='line_1_33' title="bbox 148 3892 1406 3977; baseline -0.003 -17"><span class='ocrx_word' id='word_1_286' title='bbox 148 3905 256 3960; x_wconf 93' lang='lat' dir='ltr'>totum</span> <span class='ocrx_word' id='word_1_287' title='bbox 290 3895 374 3958; x_wconf 93' lang='lat' dir='ltr'>hunc</span> <span class='ocrx_word' id='word_1_288' title='bbox 411 3897 518 3959; x_wconf 90' lang='lat' dir='ltr'>locum</span> <span class='ocrx_word' id='word_1_289' title='bbox 555 3896 685 3976; x_wconf 88' lang='lat' dir='ltr'>egregie</span> <span class='ocrx_word' id='word_1_290' title='bbox 721 3900 843 3955; x_wconf 91' lang='lat' dir='ltr'>tutatus</span> <span class='ocrx_word' id='word_1_291' title='bbox 879 3901 929 3954; x_wconf 90' lang='lat' dir='ltr'>est</span> <span class='ocrx_word' id='word_1_292' title='bbox 962 3892 996 3975; x_wconf 85' lang='lat' dir='ltr'>(l.</span> <span class='ocrx_word' id='word_1_293' title='bbox 1028 3893 1048 3958; x_wconf 91' lang='lat' dir='ltr'>l.</span> <span class='ocrx_word' id='word_1_294' title='bbox 1078 3915 1109 3976; x_wconf 89' lang='lat' dir='ltr'>p.</span> <span class='ocrx_word' id='word_1_295' title='bbox 1144 3896 1192 3977; x_wconf 91' lang='lat'>10)</span> <span class='ocrx_word' id='word_1_296' title='bbox 1222 3896 1406 3958; x_wconf 92' lang='lat' dir='ltr'>testimonio</span> 
     </span>
    </p>
   </div>
   <div class='ocr_carea' id='block_1_3' title="bbox 149 4113 1406 4538">
    <p class='ocr_par' dir='ltr' id='par_1_3' title="bbox 149 4113 1406 4367">
     <span class='ocr_line' id='line_1_34' title="bbox 238 4113 1406 4184; baseline -0.003 -16"><span class='ocrx_word' id='word_1_297' title='bbox 238 4118 258 4184; x_wconf 92' lang='lat'>¹)</span> <span class='ocrx_word' id='word_1_298' title='bbox 277 4119 321 4170; x_wconf 85' lang='lat' dir='ltr'>clr.</span> <span class='ocrx_word' id='word_1_299' title='bbox 345 4119 453 4168; x_wconf 88' lang='lat' dir='ltr'>Plebisc.</span> <span class='ocrx_word' id='word_1_300' title='bbox 477 4117 651 4183; x_wconf 83' lang='lat' dir='ltr'>Demophanti</span> <span class='ocrx_word' id='word_1_301' title='bbox 673 4116 741 4166; x_wconf 86' lang='lat' dir='ltr'>And.</span> <span class='ocrx_word' id='word_1_302' title='bbox 765 4117 778 4164; x_wconf 95' lang='lat' dir='ltr'>I</span> <span class='ocrx_word' id='word_1_303' title='bbox 802 4125 845 4175; x_wconf 87' lang='lat'>97,</span> <span class='ocrx_word' id='word_1_304' title='bbox 871 4113 941 4178; x_wconf 89' lang='lat' dir='ltr'>quod</span> <span class='ocrx_word' id='word_1_305' title='bbox 965 4115 1080 4164; x_wconf 89' lang='lat' dir='ltr'>mutilum</span> <span class='ocrx_word' id='word_1_306' title='bbox 1103 4132 1160 4166; x_wconf 89' lang='lat' dir='ltr'>cum</span> <span class='ocrx_word' id='word_1_307' title='bbox 1184 4118 1296 4167; x_wconf 81' lang='lat' dir='ltr'>tradatur</span> <span class='ocrx_word' id='word_1_308' title='bbox 1313 4119 1406 4166; x_wconf 86' lang='lat' dir='ltr'>collato</span> 
     </span>
     <span class='ocr_line' id='line_1_35' title="bbox 149 4197 1403 4275; baseline -0.001 -18"><span class='ocrx_word' id='word_1_309' title='bbox 149 4210 212 4272; x_wconf 85' lang='lat' dir='ltr'>Lyc.</span> <span class='ocrx_word' id='word_1_310' title='bbox 230 4209 321 4258; x_wconf 89' lang='lat' dir='ltr'>Leocr.</span> <span class='ocrx_word' id='word_1_311' title='bbox 343 4219 411 4268; x_wconf 86' lang='lat'><em>127..</em></span> <span class='ocrx_word' id='word_1_312' title='bbox 438 4207 563 4271; x_wconf 82' lang='lat' dir='ltr'>Sauppius</span> <span class='ocrx_word' id='word_1_313' title='bbox 580 4205 686 4255; x_wconf 86' lang='lat' dir='ltr'>restituit</span> <span class='ocrx_word' id='word_1_314' title='bbox 697 4205 745 4253; x_wconf 83' lang='lat' dir='ltr'>ita:</span> <span class='ocrx_word' id='word_1_315' title='bbox 766 4203 853 4254; x_wconf 79' lang='grc' dir='ltr'><strong><em>κτενῶ</em></strong></span> <span class='ocrx_word' id='word_1_316' title='bbox 872 4204 942 4259; x_wconf 69' lang='lat' dir='ltr'>&lt;nal</span> <span class='ocrx_word' id='word_1_317' title='bbox 958 4197 1032 4272; x_wconf 78' lang='grc' dir='ltr'><strong><em>λόγῳ</em></strong></span> <span class='ocrx_word' id='word_1_318' title='bbox 1048 4220 1073 4254; x_wconf 84' lang='grc' dir='ltr'>ιι.</span> <span class='ocrx_word' id='word_1_319' title='bbox 1095 4205 1165 4275; x_wconf 82' lang='grc' dir='ltr'><strong><em>ἔργῳ</em></strong></span> <span class='ocrx_word' id='word_1_320' title='bbox 1183 4223 1206 4257; x_wconf 85' lang='grc' dir='ltr'>κ.</span> <span class='ocrx_word' id='word_1_321' title='bbox 1227 4198 1315 4274; x_wconf 77' lang='grc' dir='ltr'><em>ψήφῳ</em></span> <span class='ocrx_word' id='word_1_322' title='bbox 1333 4210 1403 4265; x_wconf 77' lang='grc' dir='ltr'>καί)</span> 
     </span>
     <span class='ocr_line' id='line_1_36' title="bbox 149 4296 545 4367; baseline -0.005 -21"><span class='ocrx_word' id='word_1_323' title='bbox 149 4297 184 4367; x_wconf 72' lang='grc' dir='ltr'>τῇ</span> <span class='ocrx_word' id='word_1_324' title='bbox 204 4296 329 4364; x_wconf 71' lang='grc' dir='ltr'>ἐμαυτοῦ</span> <span class='ocrx_word' id='word_1_325' title='bbox 345 4296 420 4366; x_wconf 81' lang='grc' dir='ltr'><strong><em>χειρί</em></strong></span> <span class='ocrx_word' id='word_1_326' title='bbox 438 4312 461 4345; x_wconf 84' lang='grc' dir='ltr'>κ.</span> <span class='ocrx_word' id='word_1_327' title='bbox 481 4312 503 4345; x_wconf 88' lang='grc' dir='ltr'>τ.</span> <span class='ocrx_word' id='word_1_328' title='bbox 522 4296 545 4344; x_wconf 85' lang='grc' dir='ltr'>λ.</span> 
     </span>
    </p>

    <p class='ocr_par' dir='ltr' id='par_1_4' title="bbox 239 4380 1321 4450">
     <span class='ocr_line' id='line_1_37' title="bbox 239 4380 1321 4450; baseline 0 -18"><span class='ocrx_word' id='word_1_329' title='bbox 239 4382 261 4450; x_wconf 85' lang='lat'>²)</span> <span class='ocrx_word' id='word_1_330' title='bbox 280 4384 395 4442; x_wconf 83' lang='lat' dir='ltr'>Ktihner,</span> <span class='ocrx_word' id='word_1_331' title='bbox 416 4383 460 4432; x_wconf 88' lang='lat' dir='ltr'>Gr.</span> <span class='ocrx_word' id='word_1_332' title='bbox 483 4383 595 4434; x_wconf 89' lang='lat' dir='ltr'>Gramm.</span> <span class='ocrx_word' id='word_1_333' title='bbox 621 4381 685 4431; x_wconf 82' lang='lat'>1080</span> <span class='ocrx_word' id='word_1_334' title='bbox 706 4396 751 4447; x_wconf 85' lang='lat' dir='ltr'>3a.</span> <span class='ocrx_word' id='word_1_335' title='bbox 773 4406 808 4416; x_wconf 98' lang='lat'>-</span> <span class='ocrx_word' id='word_1_336' title='bbox 826 4380 964 4438; x_wconf 83' lang='lat' dir='ltr'>Vahlenus,</span> <span class='ocrx_word' id='word_1_337' title='bbox 986 4381 1042 4433; x_wconf 90' lang='lat' dir='ltr'>Ind.</span> <span class='ocrx_word' id='word_1_338' title='bbox 1061 4381 1119 4433; x_wconf 90' lang='lat' dir='ltr'>lect.</span> <span class='ocrx_word' id='word_1_339' title='bbox 1139 4384 1224 4434; x_wconf 88' lang='lat' dir='ltr'>Berol.</span> <span class='ocrx_word' id='word_1_340' title='bbox 1248 4383 1321 4445; x_wconf 88' lang='lat'>1879.</span> 
     </span>
    </p>

    <p class='ocr_par' dir='ltr' id='par_1_5' title="bbox 239 4472 561 4538">
     <span class='ocr_line' id='line_1_38' title="bbox 239 4472 561 4538; baseline 0.012 -21"><span class='ocrx_word' id='word_1_341' title='bbox 239 4472 259 4538; x_wconf 81' lang='lat'>3)</span> <span class='ocrx_word' id='word_1_342' title='bbox 279 4473 312 4521; x_wconf 85' lang='lat' dir='ltr'>ad</span> <span class='ocrx_word' id='word_1_343' title='bbox 330 4473 437 4536; x_wconf 90' lang='lat' dir='ltr'>Antiph.</span> <span class='ocrx_word' id='word_1_344' title='bbox 455 4489 481 4536; x_wconf 89' lang='lat' dir='ltr'>p.</span> <span class='ocrx_word' id='word_1_345' title='bbox 502 4472 561 4537; x_wconf 79' lang='lat'><strong>258.</strong></span> 
     </span>
    </p>
   </div>
   <div class='ocr_carea' id='block_1_4' title="bbox 0 0 1690 5284">
    <p class='ocr_par' dir='ltr' id='par_1_6' title="bbox 0 0 1690 5284">
     <span class='ocr_line' id='line_1_39' title="bbox 0 0 1690 5284; baseline 0 0"><span class='ocrx_word' id='word_1_346' title='bbox 0 0 1690 5284; x_wconf 95' lang='lat' dir='ltr'> </span> 
     </span>
    </p>
   </div>
  </div>
 </body>
</html>
