3350 5284
809 458 1018 504 „22-

278 605 461 698 εὗρύναιυες
495 605 651 698 ἇφανεῖς,
690 610 764 677 δέον
799 606 841 678 τὰ
870 606 990 693 στόμια
1019 603 1040 698 ἢ
1069 612 1365 698 περιοικοδομῆσαι
1396 605 1416 700 ἢ
1444 635 1533 698 περι·

278 712 453 800 πωμάσαι,
484 715 567 782 κατά
589 741 662 782 τινα
685 712 793 804 δεινὴν
812 714 981 804 ῥᾳθυμίαν
1002 706 1023 802 ἢ
1043 710 1300 803 φρενοβλάβειαν
1321 709 1377 783 ἐπ’
1404 711 1537 805 ὀλέθρῳ

277 826 374 890 πινῶν
400 817 517 889 εἰἀσαν
544 817 657 911 ἀχανῆ.
704 820 767 903 Qui
796 825 840 884 ita
869 832 1007 885 mortem
1036 822 1126 886 alteri
1153 826 1278 907 paravit
1303 845 1432 888 manum
1466 827 1536 906 qui-

278 931 353 993 dem
374 929 584 993 interimendo
603 949 667 991 non
685 929 830 990 admovit
848 948 953 1010 neque
974 928 1163 992 iniciendum
1184 949 1257 992 eum
1280 933 1403 993 curavit
1417 951 1475 1012 per
1492 931 1534 994 al-

278 1044 399 1111 terum;
415 1054 496 1096 unus
511 1042 636 1096 tantum
651 1035 762 1096 mortis
778 1042 827 1096 est
842 1043 962 1109 auctor,
978 1053 1162 1116 quanquam
1176 1025 1355 1118 βουλείσας
1369 1035 1534 1105 interfecit.

369 1132 539 1205 Βουλεύειν
561 1137 733 1202 illustratur
756 1159 885 1221 quoque
908 1139 953 1201 eis
975 1139 1134 1222 exemplis
1156 1142 1271 1220 quibus
1287 1140 1385 1204 Gaius
1404 1143 1534 1204 demon·

279 1254 361 1308 strat
398 1247 567 1308 »damnum
600 1265 664 1307 non
697 1263 834 1325 corpore
862 1244 1005 1311 datum«.
1058 1245 1134 1307 Inst.
1170 1244 1219 1306 IV
1249 1263 1278 1325 3,
1311 1248 1348 1309 16
1384 1247 1436 1309 »si
1462 1247 1540 1329 quis

281 1351 422 1412 alienum
443 1349 604 1413 nominem
626 1351 699 1429 (aut
709 1351 823 1430 pecus)
845 1350 892 1411 ita
914 1350 1083 1412 incluserit
1102 1360 1139 1413 ut
1149 1353 1247 1431 same
1268 1362 1459 1416 necaretur.
1479 1401 1485 1414 .
1503 1400 1534 1413 ..

280 1465 344 1518 aut
371 1455 404 1518 si
432 1455 506 1536 quis
537 1454 641 1517 alieno
664 1475 759 1518 seruo
774 1455 982 1534 persuaserit
1000 1464 1037 1517 ut
1054 1455 1088 1518 in
1109 1456 1259 1519 arborem
1281 1457 1465 1520 ascenderet
1484 1457 1543 1520 vel

283 1559 316 1621 in
338 1569 472 1642 puteum
498 1560 703 1623 descenderet
729 1568 762 1622 et
787 1559 817 1621 is
846 1560 1045 1624 ascendendo
1073 1571 1133 1624 aut
1152 1562 1368 1625 descendendo
1389 1561 1542 1625 ceciderit

284 1676 317 1729 et
336 1675 396 1728 aut
414 1675 560 1728 mortuus
572 1665 684 1744 fieerit
702 1674 761 1727 aut
780 1665 893 1748 alequa
905 1675 1004 1746 parte
1022 1667 1165 1748 corporis
1185 1667 1296 1730 laesus
1316 1668 1408 1733 erit«.

369 1772 538 1853 Adiungas
559 1768 747 1852 exemplum
771 1790 814 1832 ex
836 1770 967 1833 historia
989 1772 1179 1835 deductum:
1199 1773 1388 1836 Pausaniam
1410 1792 1483 1835 cum
1505 1772 1539 1833 in

285 1875 448 1939 Minervae
470 1875 627 1957 templum
650 1875 782 1957 fugisset
804 1872 889 1956 χειρὶ
912 1875 1042 1957 quidem
1063 1876 1152 1939 nefas
1173 1887 1243 1940 erat
1257 1877 1367 1951 occidi,
1390 1877 1539 1939 nimirum

283 2002 324 2045 ne
356 1982 448 2045 divae
480 1979 589 2045 fanum
619 1980 844 2062 inquinaretur.
897 1979 983 2061 Quid
1012 1991 1119 2045 autem
1149 1984 1337 2065 sanguinem
1366 1981 1543 2065 proditoris

284 2089 374 2151 veriti
403 2086 651 2150 Lacedaemonii
680 2085 843 2150 fecerunt?
871 2096 967 2168 porta
995 2087 1107 2170 templi
1135 2088 1301 2153 obstructa
1328 2087 1413 2151 fame
1435 2087 1541 2169 perire

285 2214 359 2257 eum
381 2192 543 2274 cogebant
566 2184 857 2275 (ἐξεπολιόρκησαν
877 2192 923 2276 τῷ
946 2191 1032 2278 λιμῷ
1054 2192 1285 2275 Thuc.1134),
1307 2203 1377 2257 tum
1405 2194 1538 2257 demum

285 2319 360 2362 eum
390 2297 571 2375 liberantes,
601 2317 674 2359 cum
702 2297 764 2359 iam
794 2297 825 2357 in
855 2297 926 2377 ipso
955 2308 1042 2360 esset
1070 2299 1250 2362 discrimine
1272 2299 1393 2362 mortis.
1438 2297 1544 2360 Vides

285 2403 381 2486 igitur
410 2402 488 2466 alias
518 2402 634 2465 multas
664 2401 804 2464 rationes
832 2411 960 2482 apertas
989 2423 1060 2466 esse
1082 2405 1111 2468 ei
1134 2405 1188 2485 qui
1210 2405 1357 2468 manibus
1379 2413 1412 2466 et
1434 2404 1465 2466 vi
1486 2401 1544 2464 ab

286 2511 403 2575 stinere
428 2508 538 2572 voluit.
584 2504 674 2587 Quas
696 2525 808 2569 omnes
830 2509 1056 2590 complectitur
1081 2510 1216 2573 verbum
1244 2504 1421 2593 βουλεύσας
1448 2509 1541 2572 inter·

287 2615 377 2693 ficio;
400 2614 488 2696 quod
511 2613 641 2695 quidem
662 2611 753 2675 Plato
776 2613 899 2694 optime
921 2613 1032 2677 definit
1053 2614 1115 2697 leg.
1135 2615 1182 2677 IX
1198 2616 1258 2695 872
1276 2636 1311 2677 a:
1332 2617 1373 2700 τῇ
1386 2607 1542 2700 βουλήσει

290 2743 324 2787 σε
358 2717 415 2785 καὶ
447 2712 673 2801 ἐπιβουλεύσει
709 2709 907 2796 ἀποκτείνας
939 2712 1047 2798 αἰὐιος
1076 2710 1121 2786 ὣν
1148 2717 1206 2784 καὶ
1234 2714 1279 2807 μὴ
1307 2713 1458 2803 καθαρὸς
1485 2713 1547 2805 τὴν

289 2822 397 2913 ψυχήν
431 2827 487 2890 τοῦ
523 2818 625 2911 φόνου
657 2861 697 2869 -
733 2825 931 2905 (quanquam
959 2828 1070 2910 χεῖρας
1099 2826 1228 2907 quidem
1266 2820 1423 2908 καθαρός,
1460 2845 1544 2905 quas

288 2933 441 3011 sanguine
462 2949 527 2993 non
547 2930 741 3012 inquinavit).
762 2964 806 2974 -

374 3037 465 3100 Haec
493 3045 668 3119 postquam
697 3037 906 3116 exposuimus
934 3055 1033 3098 unum
1054 3035 1131 3098 mihi
1152 3047 1202 3099 est
1224 3036 1429 3110 monendum,
1454 3036 1546 3118 quod

290 3152 417 3226 praeter
438 3141 623 3224 opinionem
644 3141 768 3204 accidat
789 3139 925 3203 fortasse
946 3141 1000 3203 uni
1021 3140 1152 3204 alterive
1169 3161 1175 3204 :
1192 3140 1246 3203 ubi
1267 3144 1351 3205 duae
1369 3141 1428 3204 sibi
1443 3161 1544 3222 oppo

289 3257 407 3314 nuntur
435 3247 575 3310 rationes
596 3243 683 3328 χειρί
704 3281 745 3293 -
767 3239 1017 3330 βουλεύσας,
1044 3247 1077 3308 in
1099 3247 1175 3309 hoc
1197 3246 1238 3309 de
1260 3246 1337 3310 dolo
1360 3246 1446 3309 malo
1468 3245 1545 3308 nihii

290 3355 388 3431 inest;
416 3372 480 3415 non
510 3351 583 3434 plus
611 3353 693 3415 inest
723 3371 818 3431 quam
850 3351 881 3413 in
910 3352 1015 3433 priore
1043 3349 1221 3434 ἱ]1οχειρι’;
1251 3352 1356 3415 solum
1378 3352 1482 3433 agitur
1504 3351 1548 3413 de

289 3459 465 3522 rationibus
495 3456 662 3520 manifesta
689 3492 733 3502 -
762 3476 821 3519 nec
851 3454 1026 3519 manifesta.
1071 3457 1154 3519 Fieri
1177 3467 1286 3520 autem
1308 3466 1417 3540 potest
1439 3464 1474 3519 ut
1494 3475 1547 3518 oc·

290 3566 376 3629 cidat
406 3565 477 3647 quis
504 3562 640 3626 alterum
674 3551 840 3643 »καθαρὸς
861 3555 918 3638 τὰς
938 3563 1065 3643 χεῖρας(
1091 3559 1294 3645 (βουλεύσας)
1317 3582 1421 3642 neque
1435 3570 1547 3624 tamen

291 3669 458 3734 consilium
486 3667 693 3730 interficiendi
720 3666 875 3730 habuerit.
920 3660 1033 3729 Velut
1047 3666 1292 3748 Euthyphronis
1320 3676 1412 3749 pater
1440 3665 1547 3747 (Plato

289 3773 472 3856 Euthyphr.
484 3775 517 3853 4)
528 3772 692 3835 hominem
708 3772 762 3854 qui
776 3791 904 3834 servum
920 3772 986 3835 eius
997 3772 1168 3845 occiderat,
1181 3772 1323 3835 cruribus
1334 3771 1548 3850 manibusque

290 3881 395 3962 ligatis
424 3879 456 3941 in
485 3877 605 3941 fossam
634 3876 799 3954 iniecerat;
829 3877 963 3940 moritur
987 3876 1041 3939 ille
1069 3877 1234 3958 neglectus
1267 3867 1350 3942 >tinio
1369 3876 1467 3959 λιμοῦ
1488 3874 1547 3940 καὶ

290 3986 399 4073 ῥίγους
419 3983 567 4051 καὶτῶν
590 3982 747 4065 δεσμῶνι.
790 3982 880 4063 Ergo
898 3978 985 4066 χειρὶ
1006 4003 1080 4045 eum
1103 4003 1167 4045 non
1189 3983 1346 4063 occidit1),
1367 3975 1549 4064 βουλεύσας

291 4095 319 4157 ei
354 4091 467 4155 mortis
499 4088 558 4152 fuit
590 4098 717 4165 auct0r;
752 4108 857 4171 neque
890 4097 998 4150 tamen
1030 4087 1196 4151 consilium
1225 4088 1289 4151 tale
1317 4087 1438 4162 habuit,
1471 4106 1547 4149 cum

377 4263 398 4330 ¹)
417 4263 492 4314 Euth.
509 4274 541 4322 4:
567 4269 655 4312 ταῦτα
679 4254 715 4325 δὴ
737 4251 787 4312 οὖν
809 4261 856 4311 καὶ
873 4255 1018 4328 ἆγανακτᾴ
1036 4251 1053 4308 ὅ
1073 4276 1102 4311 τε
1120 4257 1213 4328 πατὴρ
1229 4261 1277 4310 καλ
1293 4260 1322 4310 oi
1339 4255 1421 4313 ἄλλοι
1440 4259 1548 4341 cirsion,

290 4352 334 4408 ὅτι
359 4351 413 4421 ἐγῶ
437 4351 510 4422 ὑπὲρ
532 4351 584 4403 τοῦ
605 4343 788 4420 ἀνδροφόνου
812 4348 852 4417 τῷ
867 4351 962 4418 Ιπατρὶ
981 4342 1072 4418 φόνου
1088 4346 1280 4418 ἐπεξέρχομαι,
1300 4343 1357 4399 οὐτ’
1376 4343 1548 4399 inaurat·

291 4461 406 4504 ναντι,
424 4435 461 4501 ὥς
478 4455 564 4512 φασιν
582 4438 690 4492 ἐκεῖνον.
