<?xml version="1.0" encoding="UTF-8"?>
<!DOCTYPE html PUBLIC "-//W3C//DTD XHTML 1.0 Transitional//EN"
    "http://www.w3.org/TR/xhtml1/DTD/xhtml1-transitional.dtd">
<html xmlns="http://www.w3.org/1999/xhtml" xml:lang="en" lang="en">
 <head>
  <title>
</title>
<meta http-equiv="Content-Type" content="text/html;charset=utf-8" />
  <meta name='ocr-system' content='tesseract 3.04.00' />
  <meta name='ocr-capabilities' content='ocr_page ocr_carea ocr_par ocr_line ocrx_word'/>
</head>
<body>
  <div class='ocr_page' id='page_1' title='image "./decriminevouleu01passgoog_0031.png"; bbox 0 0 3350 5284; ppageno 0'>
   <div class='ocr_carea' id='block_1_1' title="bbox 629 463 841 530">
    <p class='ocr_par' dir='ltr' id='par_1_1' title="bbox 629 463 841 530">
     <span class='ocr_line' id='line_1_1' title="bbox 629 463 841 530; baseline -0.009 -34"><span class='ocrx_word' id='word_1_1' title='bbox 629 463 841 530; x_wconf 62' lang='lat'>-,5-</span> 
     </span>
    </p>
   </div>
   <div class='ocr_carea' id='block_1_2' title="bbox 101 618 1370 3861">
    <p class='ocr_par' dir='ltr' id='par_1_2' title="bbox 104 618 1363 805">
     <span class='ocr_line' id='line_1_2' title="bbox 104 618 1363 701; baseline 0.003 -21"><span class='ocrx_word' id='word_1_2' title='bbox 104 618 176 700; x_wconf 85' lang='lat' dir='ltr'>lege</span> <span class='ocrx_word' id='word_1_3' title='bbox 216 618 456 701; x_wconf 82' lang='lat' dir='ltr'>Areopagitica,</span> <span class='ocrx_word' id='word_1_4' title='bbox 493 639 568 682; x_wconf 88' lang='lat' dir='ltr'>nam</span> <span class='ocrx_word' id='word_1_5' title='bbox 595 619 636 681; x_wconf 92' lang='lat' dir='ltr'>ibi</span> <span class='ocrx_word' id='word_1_6' title='bbox 666 620 782 684; x_wconf 90' lang='lat' dir='ltr'>caedes</span> <span class='ocrx_word' id='word_1_7' title='bbox 810 629 936 682; x_wconf 89' lang='lat' dir='ltr'>tantum</span> <span class='ocrx_word' id='word_1_8' title='bbox 973 630 1198 683; x_wconf 85' lang='lat' dir='ltr'><strong>enumerantur</strong></span> <span class='ocrx_word' id='word_1_9' title='bbox 1231 622 1363 684; x_wconf 90' lang='lat' dir='ltr'>diversis</span> 
     </span>
     <span class='ocr_line' id='line_1_3' title="bbox 105 724 411 805; baseline 0.003 -20"><span class='ocrx_word' id='word_1_10' title='bbox 105 724 214 786; x_wconf 90' lang='lat' dir='ltr'>modis</span> <span class='ocrx_word' id='word_1_11' title='bbox 237 733 370 805; x_wconf 88' lang='lat' dir='ltr'>paratae</span> <span class='ocrx_word' id='word_1_12' title='bbox 378 725 411 803; x_wconf 78' lang='lat'>¹).</span> 
     </span>
    </p>

    <p class='ocr_par' dir='ltr' id='par_1_3' title="bbox 101 829 1366 1864">
     <span class='ocr_line' id='line_1_4' title="bbox 191 829 1363 917; baseline 0.003 -27"><span class='ocrx_word' id='word_1_13' title='bbox 191 829 329 892; x_wconf 90' lang='lat' dir='ltr'>Venena</span> <span class='ocrx_word' id='word_1_14' title='bbox 356 839 532 910; x_wconf 91' lang='lat' dir='ltr'>sequuntur</span> <span class='ocrx_word' id='word_1_15' title='bbox 560 829 759 907; x_wconf 91' lang='lat' dir='ltr'>incendium;</span> <span class='ocrx_word' id='word_1_16' title='bbox 791 851 834 893; x_wconf 87' lang='lat' dir='ltr'>ex</span> <span class='ocrx_word' id='word_1_17' title='bbox 863 832 973 897; x_wconf 86' lang='lat' dir='ltr'>ordine</span> <span class='ocrx_word' id='word_1_18' title='bbox 995 854 1046 898; x_wconf 90' lang='lat' dir='ltr'>res</span> <span class='ocrx_word' id='word_1_19' title='bbox 1068 832 1280 917; x_wconf 82' lang='lat' dir='ltr'>progreditur,</span> <span class='ocrx_word' id='word_1_20' title='bbox 1310 852 1363 894; x_wconf 89' lang='lat' dir='ltr'>ex-</span> 
     </span>
     <span class='ocr_line' id='line_1_5' title="bbox 101 933 1364 1018; baseline 0.002 -23"><span class='ocrx_word' id='word_1_21' title='bbox 101 933 198 996; x_wconf 90' lang='lat' dir='ltr'>cultis</span> <span class='ocrx_word' id='word_1_22' title='bbox 227 935 291 996; x_wconf 92' lang='lat' dir='ltr'>iam</span> <span class='ocrx_word' id='word_1_23' title='bbox 321 935 442 998; x_wconf 91' lang='lat' dir='ltr'>artibus</span> <span class='ocrx_word' id='word_1_24' title='bbox 472 933 644 998; x_wconf 90' lang='lat' dir='ltr'>herbarum</span> <span class='ocrx_word' id='word_1_25' title='bbox 673 935 791 999; x_wconf 88' lang='lat' dir='ltr'>viribus</span> <span class='ocrx_word' id='word_1_26' title='bbox 820 947 853 1000; x_wconf 94' lang='lat' dir='ltr'>et</span> <span class='ocrx_word' id='word_1_27' title='bbox 881 937 974 1003; x_wconf 92' lang='lat' dir='ltr'>bonis</span> <span class='ocrx_word' id='word_1_28' title='bbox 999 950 1032 1003; x_wconf 90' lang='lat' dir='ltr'>et</span> <span class='ocrx_word' id='word_1_29' title='bbox 1062 939 1205 1003; x_wconf 89' lang='lat' dir='ltr'>tristibus</span> <span class='ocrx_word' id='word_1_30' title='bbox 1228 936 1364 1018; x_wconf 85' lang='lat' dir='ltr'>cognitis</span> 
     </span>
     <span class='ocr_line' id='line_1_6' title="bbox 105 1039 1364 1128; baseline 0.002 -27"><span class='ocrx_word' id='word_1_31' title='bbox 105 1059 210 1102; x_wconf 89' lang='lat' dir='ltr'>novae</span> <span class='ocrx_word' id='word_1_32' title='bbox 242 1060 278 1102; x_wconf 90' lang='lat' dir='ltr'>se</span> <span class='ocrx_word' id='word_1_33' title='bbox 307 1059 462 1122; x_wconf 91' lang='lat' dir='ltr'>aperuere</span> <span class='ocrx_word' id='word_1_34' title='bbox 490 1039 628 1102; x_wconf 91' lang='lat' dir='ltr'>scelesto</span> <span class='ocrx_word' id='word_1_35' title='bbox 657 1039 786 1120; x_wconf 87' lang='lat' dir='ltr'>ingenio</span> <span class='ocrx_word' id='word_1_36' title='bbox 815 1044 900 1106; x_wconf 91' lang='lat' dir='ltr'>viae:</span> <span class='ocrx_word' id='word_1_37' title='bbox 928 1064 1033 1128; x_wconf 90' lang='lat' dir='ltr'>neque</span> <span class='ocrx_word' id='word_1_38' title='bbox 1063 1045 1160 1108; x_wconf 92' lang='lat' dir='ltr'>armis</span> <span class='ocrx_word' id='word_1_39' title='bbox 1189 1045 1252 1106; x_wconf 88' lang='lat' dir='ltr'>iam</span> <span class='ocrx_word' id='word_1_40' title='bbox 1281 1062 1364 1122; x_wconf 88' lang='lat' dir='ltr'>opus</span> 
     </span>
     <span class='ocr_line' id='line_1_7' title="bbox 102 1143 1364 1228; baseline 0.002 -22"><span class='ocrx_word' id='word_1_41' title='bbox 102 1153 173 1207; x_wconf 89' lang='lat' dir='ltr'>erat</span> <span class='ocrx_word' id='word_1_42' title='bbox 202 1163 307 1225; x_wconf 92' lang='lat' dir='ltr'>neque</span> <span class='ocrx_word' id='word_1_43' title='bbox 336 1143 475 1207; x_wconf 89' lang='lat' dir='ltr'>flammis</span> <span class='ocrx_word' id='word_1_44' title='bbox 503 1146 643 1227; x_wconf 92' lang='lat' dir='ltr'>undique</span> <span class='ocrx_word' id='word_1_45' title='bbox 673 1148 876 1228; x_wconf 86' lang='lat' dir='ltr'>conspicuis:</span> <span class='ocrx_word' id='word_1_46' title='bbox 894 1151 1050 1213; x_wconf 88' lang='lat' dir='ltr'>taciturna</span> <span class='ocrx_word' id='word_1_47' title='bbox 1077 1150 1125 1212; x_wconf 94' lang='lat' dir='ltr'>vis</span> <span class='ocrx_word' id='word_1_48' title='bbox 1147 1150 1261 1210; x_wconf 90' lang='lat' dir='ltr'>veneni</span> <span class='ocrx_word' id='word_1_49' title='bbox 1283 1146 1364 1209; x_wconf 90' lang='lat' dir='ltr'>clan-</span> 
     </span>
     <span class='ocr_line' id='line_1_8' title="bbox 102 1250 1365 1335; baseline 0 -23"><span class='ocrx_word' id='word_1_50' title='bbox 102 1250 266 1312; x_wconf 91' lang='lat' dir='ltr'>destinum</span> <span class='ocrx_word' id='word_1_51' title='bbox 295 1250 422 1332; x_wconf 80' lang='lat' dir='ltr'>corpori</span> <span class='ocrx_word' id='word_1_52' title='bbox 450 1251 556 1313; x_wconf 90' lang='lat' dir='ltr'>iniecit</span> <span class='ocrx_word' id='word_1_53' title='bbox 584 1251 774 1327; x_wconf 84' lang='lat' dir='ltr'>incendium,</span> <span class='ocrx_word' id='word_1_54' title='bbox 804 1273 822 1315; x_wconf 91' lang='lat' dir='ltr'>e</span> <span class='ocrx_word' id='word_1_55' title='bbox 854 1273 920 1335; x_wconf 91' lang='lat' dir='ltr'>quo</span> <span class='ocrx_word' id='word_1_56' title='bbox 942 1264 997 1318; x_wconf 93' lang='lat' dir='ltr'>aut</span> <span class='ocrx_word' id='word_1_57' title='bbox 1018 1255 1127 1317; x_wconf 90' lang='lat' dir='ltr'>statim</span> <span class='ocrx_word' id='word_1_58' title='bbox 1149 1255 1289 1330; x_wconf 89' lang='lat' dir='ltr'>inten&#39;ret</span> <span class='ocrx_word' id='word_1_59' title='bbox 1310 1260 1365 1313; x_wconf 89' lang='lat' dir='ltr'>aut</span> 
     </span>
     <span class='ocr_line' id='line_1_9' title="bbox 104 1356 1363 1439; baseline 0 -22"><span class='ocrx_word' id='word_1_60' title='bbox 104 1365 180 1436; x_wconf 92' lang='lat' dir='ltr'>post</span> <span class='ocrx_word' id='word_1_61' title='bbox 208 1356 392 1418; x_wconf 92' lang='lat' dir='ltr'>diuturnum</span> <span class='ocrx_word' id='word_1_62' title='bbox 421 1357 553 1418; x_wconf 90' lang='lat' dir='ltr'>demum</span> <span class='ocrx_word' id='word_1_63' title='bbox 582 1356 741 1419; x_wconf 87' lang='lat' dir='ltr'>morbum.</span> <span class='ocrx_word' id='word_1_64' title='bbox 770 1395 813 1405; x_wconf 93' lang='lat'>-—</span> <span class='ocrx_word' id='word_1_65' title='bbox 843 1359 896 1422; x_wconf 91' lang='lat' dir='ltr'>Sic</span> <span class='ocrx_word' id='word_1_66' title='bbox 923 1360 1054 1423; x_wconf 88' lang='lat' dir='ltr'>crimina</span> <span class='ocrx_word' id='word_1_67' title='bbox 1083 1380 1118 1422; x_wconf 92' lang='lat' dir='ltr'>se</span> <span class='ocrx_word' id='word_1_68' title='bbox 1144 1365 1363 1439; x_wconf 88' lang='lat' dir='ltr'>exceperunt:</span> 
     </span>
     <span class='ocr_line' id='line_1_10' title="bbox 103 1461 1366 1547; baseline 0.001 -25"><span class='ocrx_word' id='word_1_69' title='bbox 103 1480 194 1523; x_wconf 90' lang='lat' dir='ltr'>arma</span> <span class='ocrx_word' id='word_1_70' title='bbox 227 1480 353 1524; x_wconf 87' lang='lat' dir='ltr'>cessere</span> <span class='ocrx_word' id='word_1_71' title='bbox 386 1461 517 1539; x_wconf 86' lang='lat' dir='ltr'>artibus,</span> <span class='ocrx_word' id='word_1_72' title='bbox 555 1462 688 1524; x_wconf 89' lang='lat' dir='ltr'>audacia</span> <span class='ocrx_word' id='word_1_73' title='bbox 720 1464 868 1545; x_wconf 91' lang='lat' dir='ltr'>ignaviae</span> <span class='ocrx_word' id='word_1_74' title='bbox 899 1475 997 1547; x_wconf 93' lang='lat' dir='ltr'>atque</span> <span class='ocrx_word' id='word_1_75' title='bbox 1029 1465 1163 1540; x_wconf 88' lang='lat' dir='ltr'>insidiis;</span> <span class='ocrx_word' id='word_1_76' title='bbox 1194 1462 1366 1525; x_wconf 88' lang='lat' dir='ltr'>subsecuta</span> 
     </span>
     <span class='ocr_line' id='line_1_11' title="bbox 103 1566 1366 1652; baseline 0.001 -25"><span class='ocrx_word' id='word_1_77' title='bbox 103 1574 214 1628; x_wconf 85' lang='lat' dir='ltr'>autem</span> <span class='ocrx_word' id='word_1_78' title='bbox 241 1574 291 1628; x_wconf 90' lang='lat' dir='ltr'>est</span> <span class='ocrx_word' id='word_1_79' title='bbox 319 1567 429 1628; x_wconf 89' lang='lat' dir='ltr'>statim</span> <span class='ocrx_word' id='word_1_80' title='bbox 454 1568 575 1630; x_wconf 89' lang='lat' dir='ltr'>vindex</span> <span class='ocrx_word' id='word_1_81' title='bbox 596 1567 722 1643; x_wconf 92' lang='lat' dir='ltr'>iustitia,</span> <span class='ocrx_word' id='word_1_82' title='bbox 744 1569 833 1631; x_wconf 91' lang='lat' dir='ltr'>cuius</span> <span class='ocrx_word' id='word_1_83' title='bbox 855 1571 990 1652; x_wconf 84' lang='lat' dir='ltr'>vestigia</span> <span class='ocrx_word' id='word_1_84' title='bbox 1010 1591 1075 1633; x_wconf 92' lang='lat' dir='ltr'>non</span> <span class='ocrx_word' id='word_1_85' title='bbox 1095 1569 1287 1634; x_wconf 91' lang='lat' dir='ltr'>delituerunt</span> <span class='ocrx_word' id='word_1_86' title='bbox 1309 1566 1366 1629; x_wconf 91' lang='lat' dir='ltr'>sed</span> 
     </span>
     <span class='ocr_line' id='line_1_12' title="bbox 103 1670 1365 1757; baseline 0.001 -25"><span class='ocrx_word' id='word_1_87' title='bbox 103 1680 217 1751; x_wconf 85' lang='lat' dir='ltr'>aperte</span> <span class='ocrx_word' id='word_1_88' title='bbox 247 1670 340 1733; x_wconf 93' lang='lat' dir='ltr'>nobis</span> <span class='ocrx_word' id='word_1_89' title='bbox 366 1682 493 1735; x_wconf 90' lang='lat' dir='ltr'>servata</span> <span class='ocrx_word' id='word_1_90' title='bbox 522 1682 596 1735; x_wconf 92' lang='lat' dir='ltr'>sunt</span> <span class='ocrx_word' id='word_1_91' title='bbox 625 1671 656 1734; x_wconf 94' lang='lat' dir='ltr'>in</span> <span class='ocrx_word' id='word_1_92' title='bbox 686 1672 758 1754; x_wconf 88' lang='lat' dir='ltr'>lege</span> <span class='ocrx_word' id='word_1_93' title='bbox 788 1673 841 1737; x_wconf 90' lang='lat' dir='ltr'>illa</span> <span class='ocrx_word' id='word_1_94' title='bbox 863 1675 1094 1757; x_wconf 86' lang='lat' dir='ltr'>Areopagitica</span> <span class='ocrx_word' id='word_1_95' title='bbox 1115 1693 1213 1757; x_wconf 91' lang='lat' dir='ltr'>quam</span> <span class='ocrx_word' id='word_1_96' title='bbox 1236 1672 1365 1754; x_wconf 89' lang='lat' dir='ltr'>plenam</span> 
     </span>
     <span class='ocr_line' id='line_1_13' title="bbox 105 1773 1012 1864; baseline 0.003 -25"><span class='ocrx_word' id='word_1_97' title='bbox 105 1775 207 1840; x_wconf 90' lang='lat' dir='ltr'>habes</span> <span class='ocrx_word' id='word_1_98' title='bbox 229 1776 313 1839; x_wconf 90' lang='lat' dir='ltr'>hanc</span> <span class='ocrx_word' id='word_1_99' title='bbox 333 1777 439 1856; x_wconf 89' lang='lat' dir='ltr'>(Dem.</span> <span class='ocrx_word' id='word_1_100' title='bbox 465 1793 514 1857; x_wconf 85' lang='lat'>23,</span> <span class='ocrx_word' id='word_1_101' title='bbox 538 1778 590 1858; x_wconf 82' lang='lat'>24)</span> <span class='ocrx_word' id='word_1_102' title='bbox 611 1774 689 1862; x_wconf 84' lang='grc' dir='ltr'><strong><em>;τὴν</em></strong></span> <span class='ocrx_word' id='word_1_103' title='bbox 709 1773 829 1864; x_wconf 75' lang='grc' dir='ltr'><strong><em>βουλὴν</em></strong></span> <span class='ocrx_word' id='word_1_104' title='bbox 851 1776 1012 1860; x_wconf 84' lang='grc' dir='ltr'><strong><em>δικάζειν;</em></strong></span> 
     </span>
    </p>

    <p class='ocr_par' dir='ltr' id='par_1_4' title="bbox 106 1875 1367 2578">
     <span class='ocr_line' id='line_1_14' title="bbox 374 1875 1196 1968; baseline 0 -21"><span class='ocrx_word' id='word_1_105' title='bbox 374 1875 499 1967; x_wconf 83' lang='grc' dir='ltr'>Ιφόνου</span> <span class='ocrx_word' id='word_1_106' title='bbox 521 1877 671 1951; x_wconf 70' lang='grc' dir='ltr'><strong><em>ἑκουσίου</em></strong></span> <span class='ocrx_word' id='word_1_107' title='bbox 693 1881 749 1946; x_wconf 87' lang='grc' dir='ltr'>καὶ</span> <span class='ocrx_word' id='word_1_108' title='bbox 772 1877 956 1967; x_wconf 79' lang='grc' dir='ltr'><strong><em>τραύματος</em></strong></span> <span class='ocrx_word' id='word_1_109' title='bbox 978 1883 1014 1948; x_wconf 80' lang='grc' dir='ltr'>ἐκ</span> <span class='ocrx_word' id='word_1_110' title='bbox 1036 1881 1196 1968; x_wconf 78' lang='grc' dir='ltr'><strong><em>προνοίας</em></strong></span> 
     </span>
     <span class='ocr_line' id='line_1_15' title="bbox 317 1985 563 2070; baseline 0.004 -20"><span class='ocrx_word' id='word_1_111' title='bbox 317 1985 357 2026; x_wconf 63' lang='lat'>“³²</span> <span class='ocrx_word' id='word_1_112' title='bbox 371 2003 382 2028; x_wconf 83' lang='lat'><em>²</em></span> <span class='ocrx_word' id='word_1_113' title='bbox 397 1989 563 2070; x_wconf 83' lang='grc' dir='ltr'><strong><em>πυρκαϊᾶς</em></strong></span> 
     </span>
     <span class='ocr_line' id='line_1_16' title="bbox 317 2086 1041 2181; baseline 0.001 -24"><span class='ocrx_word' id='word_1_114' title='bbox 317 2091 355 2132; x_wconf 70' lang='lat'>”⁰¹²</span> <span class='ocrx_word' id='word_1_115' title='bbox 371 2109 381 2144; x_wconf 82' lang='lat'>³</span> <span class='ocrx_word' id='word_1_116' title='bbox 397 2089 580 2181; x_wconf 80' lang='grc' dir='ltr'><strong><em>φαρμάκων</em></strong></span> <span class='ocrx_word' id='word_1_117' title='bbox 603 2087 660 2157; x_wconf 79' lang='grc' dir='ltr'>ἐάν</span> <span class='ocrx_word' id='word_1_118' title='bbox 681 2117 732 2171; x_wconf 89' lang='grc' dir='ltr'>τις</span> <span class='ocrx_word' id='word_1_119' title='bbox 754 2086 936 2181; x_wconf 76' lang='grc' dir='ltr'><strong><em>ἀποκτείνῃ</em></strong></span> <span class='ocrx_word' id='word_1_120' title='bbox 957 2089 1041 2172; x_wconf 79' lang='grc' dir='ltr'><strong><em>δούς.</em></strong></span> 
     </span>
     <span class='ocr_line' id='line_1_17' title="bbox 108 2197 1367 2282; baseline -0.002 -22"><span class='ocrx_word' id='word_1_121' title='bbox 108 2197 212 2262; x_wconf 92' lang='lat' dir='ltr'>Vides</span> <span class='ocrx_word' id='word_1_122' title='bbox 251 2198 346 2280; x_wconf 85' lang='lat' dir='ltr'>igitur</span> <span class='ocrx_word' id='word_1_123' title='bbox 387 2220 421 2261; x_wconf 92' lang='lat' dir='ltr'>re</span> <span class='ocrx_word' id='word_1_124' title='bbox 451 2219 527 2261; x_wconf 92' lang='lat' dir='ltr'>vera</span> <span class='ocrx_word' id='word_1_125' title='bbox 563 2218 628 2260; x_wconf 95' lang='lat' dir='ltr'>non</span> <span class='ocrx_word' id='word_1_126' title='bbox 666 2199 725 2260; x_wconf 92' lang='lat' dir='ltr'>sub</span> <span class='ocrx_word' id='word_1_127' title='bbox 760 2219 825 2261; x_wconf 94' lang='lat' dir='ltr'>uno</span> <span class='ocrx_word' id='word_1_128' title='bbox 856 2201 984 2262; x_wconf 92' lang='lat' dir='ltr'>nomine</span> <span class='ocrx_word' id='word_1_129' title='bbox 1019 2198 1269 2282; x_wconf 91' lang='lat' dir='ltr'>comprehensas</span> <span class='ocrx_word' id='word_1_130' title='bbox 1296 2216 1367 2260; x_wconf 91' lang='lat' dir='ltr'>esse</span> 
     </span>
     <span class='ocr_line' id='line_1_18' title="bbox 106 2299 1366 2384; baseline 0.001 -23"><span class='ocrx_word' id='word_1_131' title='bbox 106 2299 359 2365; x_wconf 89' lang='lat' dir='ltr'>Atheniensibus</span> <span class='ocrx_word' id='word_1_132' title='bbox 389 2304 531 2368; x_wconf 89' lang='lat' dir='ltr'>diversas</span> <span class='ocrx_word' id='word_1_133' title='bbox 560 2304 706 2367; x_wconf 90' lang='lat' dir='ltr'>caedium</span> <span class='ocrx_word' id='word_1_134' title='bbox 736 2305 875 2368; x_wconf 90' lang='lat' dir='ltr'>rationes</span> <span class='ocrx_word' id='word_1_135' title='bbox 904 2306 961 2368; x_wconf 91' lang='lat' dir='ltr'>sed</span> <span class='ocrx_word' id='word_1_136' title='bbox 983 2325 1076 2368; x_wconf 92' lang='lat' dir='ltr'>suam</span> <span class='ocrx_word' id='word_1_137' title='bbox 1098 2304 1273 2368; x_wconf 88' lang='lat' dir='ltr'>obtinuisse</span> <span class='ocrx_word' id='word_1_138' title='bbox 1295 2321 1366 2384; x_wconf 93' lang='lat' dir='ltr'>pro·</span> 
     </span>
     <span class='ocr_line' id='line_1_19' title="bbox 106 2405 1366 2492; baseline 0.001 -24"><span class='ocrx_word' id='word_1_139' title='bbox 106 2405 209 2486; x_wconf 87' lang='lat' dir='ltr'>priam</span> <span class='ocrx_word' id='word_1_140' title='bbox 239 2408 399 2470; x_wconf 88' lang='lat' dir='ltr'>actionem</span> <span class='ocrx_word' id='word_1_141' title='bbox 428 2410 682 2490; x_wconf 92' lang='lat' dir='ltr'>unumquodque</span> <span class='ocrx_word' id='word_1_142' title='bbox 719 2429 828 2488; x_wconf 84' lang='lat' dir='ltr'>genus,</span> <span class='ocrx_word' id='word_1_143' title='bbox 868 2411 936 2473; x_wconf 90' lang='lat' dir='ltr'>sive</span> <span class='ocrx_word' id='word_1_144' title='bbox 968 2429 1064 2473; x_wconf 88' lang='lat' dir='ltr'>manu</span> <span class='ocrx_word' id='word_1_145' title='bbox 1096 2419 1264 2492; x_wconf 89' lang='lat' dir='ltr'>peractum</span> <span class='ocrx_word' id='word_1_146' title='bbox 1298 2416 1366 2470; x_wconf 89' lang='lat' dir='ltr'>erat</span> 
     </span>
     <span class='ocr_line' id='line_1_20' title="bbox 107 2511 580 2578; baseline 0.011 -6"><span class='ocrx_word' id='word_1_147' title='bbox 107 2511 175 2574; x_wconf 90' lang='lat' dir='ltr'>sive</span> <span class='ocrx_word' id='word_1_148' title='bbox 199 2511 337 2576; x_wconf 91' lang='lat' dir='ltr'>flammis</span> <span class='ocrx_word' id='word_1_149' title='bbox 358 2514 425 2577; x_wconf 92' lang='lat' dir='ltr'>sive</span> <span class='ocrx_word' id='word_1_150' title='bbox 446 2535 580 2578; x_wconf 92' lang='lat' dir='ltr'>veneno.</span> 
     </span>
    </p>

    <p class='ocr_par' dir='ltr' id='par_1_5' title="bbox 108 2616 1370 3861">
     <span class='ocr_line' id='line_1_21' title="bbox 195 2616 1367 2704; baseline -0.002 -23"><span class='ocrx_word' id='word_1_151' title='bbox 195 2616 390 2700; x_wconf 86' lang='lat' dir='ltr'>Quanquam</span> <span class='ocrx_word' id='word_1_152' title='bbox 418 2639 484 2701; x_wconf 94' lang='lat' dir='ltr'>quo</span> <span class='ocrx_word' id='word_1_153' title='bbox 506 2620 607 2682; x_wconf 91' lang='lat' dir='ltr'>tendit</span> <span class='ocrx_word' id='word_1_154' title='bbox 629 2640 667 2682; x_wconf 91' lang='lat' dir='ltr'>ea</span> <span class='ocrx_word' id='word_1_155' title='bbox 692 2619 762 2682; x_wconf 84' lang='lat' dir='ltr'>via?</span> <span class='ocrx_word' id='word_1_156' title='bbox 792 2641 869 2682; x_wconf 91' lang='lat' dir='ltr'>num</span> <span class='ocrx_word' id='word_1_157' title='bbox 890 2641 1032 2704; x_wconf 91' lang='lat' dir='ltr'>unquam</span> <span class='ocrx_word' id='word_1_158' title='bbox 1054 2622 1095 2683; x_wconf 96' lang='lat' dir='ltr'>ad</span> <span class='ocrx_word' id='word_1_159' title='bbox 1118 2618 1215 2682; x_wconf 89' lang='lat' dir='ltr'>finem</span> <span class='ocrx_word' id='word_1_160' title='bbox 1238 2639 1277 2680; x_wconf 91' lang='lat' dir='ltr'>ea</span> <span class='ocrx_word' id='word_1_161' title='bbox 1298 2638 1367 2700; x_wconf 93' lang='lat' dir='ltr'>per-</span> 
     </span>
     <span class='ocr_line' id='line_1_22' title="bbox 108 2723 1368 2807; baseline -0.001 -22"><span class='ocrx_word' id='word_1_162' title='bbox 108 2723 226 2786; x_wconf 91' lang='lat' dir='ltr'>ducere</span> <span class='ocrx_word' id='word_1_163' title='bbox 245 2724 368 2806; x_wconf 87' lang='lat' dir='ltr'>potuit?</span> <span class='ocrx_word' id='word_1_164' title='bbox 390 2735 464 2788; x_wconf 88' lang='lat' dir='ltr'>sunt</span> <span class='ocrx_word' id='word_1_165' title='bbox 486 2746 563 2788; x_wconf 91' lang='lat' dir='ltr'>sane</span> <span class='ocrx_word' id='word_1_166' title='bbox 585 2725 842 2806; x_wconf 88' lang='lat' dir='ltr'>frequentissima</span> <span class='ocrx_word' id='word_1_167' title='bbox 863 2727 924 2789; x_wconf 88' lang='lat' dir='ltr'>tria</span> <span class='ocrx_word' id='word_1_168' title='bbox 940 2727 993 2789; x_wconf 89' lang='lat' dir='ltr'>illa</span> <span class='ocrx_word' id='word_1_169' title='bbox 1009 2726 1116 2789; x_wconf 90' lang='lat' dir='ltr'>caedis</span> <span class='ocrx_word' id='word_1_170' title='bbox 1132 2744 1260 2807; x_wconf 86' lang='lat' dir='ltr'>genera,</span> <span class='ocrx_word' id='word_1_171' title='bbox 1284 2742 1368 2803; x_wconf 89' lang='lat' dir='ltr'>quae</span> 
     </span>
     <span class='ocr_line' id='line_1_23' title="bbox 109 2824 1366 2913; baseline 0.001 -25"><span class='ocrx_word' id='word_1_172' title='bbox 109 2824 182 2909; x_wconf 88' lang='lat' dir='ltr'>lege</span> <span class='ocrx_word' id='word_1_173' title='bbox 209 2829 442 2911; x_wconf 86' lang='lat' dir='ltr'>Areopagitica</span> <span class='ocrx_word' id='word_1_174' title='bbox 477 2832 692 2908; x_wconf 90' lang='lat' dir='ltr'>continentur;</span> <span class='ocrx_word' id='word_1_175' title='bbox 731 2840 765 2894; x_wconf 90' lang='lat' dir='ltr'>at</span> <span class='ocrx_word' id='word_1_176' title='bbox 800 2841 920 2911; x_wconf 91' lang='lat' dir='ltr'>quanta</span> <span class='ocrx_word' id='word_1_177' title='bbox 951 2839 1100 2913; x_wconf 85' lang='lat' dir='ltr'>superest</span> <span class='ocrx_word' id='word_1_178' title='bbox 1132 2831 1278 2892; x_wconf 90' lang='lat' dir='ltr'>caedium</span> <span class='ocrx_word' id='word_1_179' title='bbox 1314 2849 1366 2890; x_wconf 92' lang='lat' dir='ltr'>va-</span> 
     </span>
     <span class='ocr_line' id='line_1_24' title="bbox 111 2934 1365 3020; baseline 0.001 -26"><span class='ocrx_word' id='word_1_180' title='bbox 111 2935 205 2996; x_wconf 90' lang='lat' dir='ltr'>rietas</span> <span class='ocrx_word' id='word_1_181' title='bbox 231 2943 329 3015; x_wconf 92' lang='lat' dir='ltr'>atque</span> <span class='ocrx_word' id='word_1_182' title='bbox 359 2934 539 3013; x_wconf 85' lang='lat' dir='ltr'>multitudo,</span> <span class='ocrx_word' id='word_1_183' title='bbox 571 2957 654 3019; x_wconf 91' lang='lat' dir='ltr'>quae</span> <span class='ocrx_word' id='word_1_184' title='bbox 683 2936 801 3020; x_wconf 91' lang='lat' dir='ltr'>nonin</span> <span class='ocrx_word' id='word_1_185' title='bbox 824 2957 863 2998; x_wconf 91' lang='lat' dir='ltr'>ea</span> <span class='ocrx_word' id='word_1_186' title='bbox 884 2945 1188 2999; x_wconf 88' lang='lat' dir='ltr'>commemorantur.</span> <span class='ocrx_word' id='word_1_187' title='bbox 1233 2935 1259 2996; x_wconf 93' lang='lat' dir='ltr'>F</span> <span class='ocrx_word' id='word_1_188' title='bbox 1261 2954 1309 3008; x_wconf 89' lang='lat' dir='ltr'>ac,</span> <span class='ocrx_word' id='word_1_189' title='bbox 1333 2935 1365 2996; x_wconf 93' lang='lat' dir='ltr'>in</span> 
     </span>
     <span class='ocr_line' id='line_1_25' title="bbox 111 3033 1365 3128; baseline 0.001 -28"><span class='ocrx_word' id='word_1_190' title='bbox 111 3040 186 3101; x_wconf 91' lang='lat' dir='ltr'>turri</span> <span class='ocrx_word' id='word_1_191' title='bbox 217 3040 357 3120; x_wconf 91' lang='lat' dir='ltr'>aliquem</span> <span class='ocrx_word' id='word_1_192' title='bbox 386 3061 456 3103; x_wconf 90' lang='lat' dir='ltr'>esse</span> <span class='ocrx_word' id='word_1_193' title='bbox 484 3040 638 3104; x_wconf 92' lang='lat' dir='ltr'>inclusum</span> <span class='ocrx_word' id='word_1_194' title='bbox 667 3051 703 3104; x_wconf 91' lang='lat' dir='ltr'>ut</span> <span class='ocrx_word' id='word_1_195' title='bbox 725 3041 809 3104; x_wconf 85' lang='lat' dir='ltr'>farne</span> <span class='ocrx_word' id='word_1_196' title='bbox 831 3043 948 3123; x_wconf 91' lang='lat' dir='ltr'>sitique</span> <span class='ocrx_word' id='word_1_197' title='bbox 970 3041 1087 3122; x_wconf 91' lang='lat' dir='ltr'>periret</span> <span class='ocrx_word' id='word_1_198' title='bbox 1104 3061 1110 3102; x_wconf 92' lang='lat'>:</span> <span class='ocrx_word' id='word_1_199' title='bbox 1127 3060 1232 3121; x_wconf 91' lang='lat' dir='ltr'>neque</span> <span class='ocrx_word' id='word_1_200' title='bbox 1255 3033 1365 3128; x_wconf 81' lang='grc' dir='ltr'><strong><em>φόνου,</em></strong></span> 
     </span>
     <span class='ocr_line' id='line_1_26' title="bbox 111 3139 1369 3235; baseline 0.001 -30"><span class='ocrx_word' id='word_1_201' title='bbox 111 3164 217 3225; x_wconf 88' lang='lat' dir='ltr'>neque</span> <span class='ocrx_word' id='word_1_202' title='bbox 243 3146 417 3230; x_wconf 81' lang='grc' dir='ltr'><strong><em>πυρκαϊᾶς,</em></strong></span> <span class='ocrx_word' id='word_1_203' title='bbox 449 3167 553 3228; x_wconf 92' lang='lat' dir='ltr'>neque</span> <span class='ocrx_word' id='word_1_204' title='bbox 583 3139 879 3235; x_wconf 76' lang='grc' dir='ltr'><strong><em>φαρμάκωναεῒίο</em></strong></span> <span class='ocrx_word' id='word_1_205' title='bbox 910 3147 1028 3210; x_wconf 90' lang='lat' dir='ltr'>institui</span> <span class='ocrx_word' id='word_1_206' title='bbox 1056 3154 1181 3226; x_wconf 88' lang='lat' dir='ltr'>potest;</span> <span class='ocrx_word' id='word_1_207' title='bbox 1212 3164 1278 3224; x_wconf 90' lang='lat' dir='ltr'>quo</span> <span class='ocrx_word' id='word_1_208' title='bbox 1308 3144 1369 3207; x_wconf 94' lang='lat' dir='ltr'>sub</span> 
     </span>
     <span class='ocr_line' id='line_1_27' title="bbox 111 3248 1368 3331; baseline -0.002 -20"><span class='ocrx_word' id='word_1_209' title='bbox 111 3250 241 3313; x_wconf 92' lang='lat' dir='ltr'>nomine</span> <span class='ocrx_word' id='word_1_210' title='bbox 263 3271 336 3313; x_wconf 90' lang='lat' dir='ltr'>reus</span> <span class='ocrx_word' id='word_1_211' title='bbox 358 3260 427 3314; x_wconf 89' lang='lat' dir='ltr'>erat</span> <span class='ocrx_word' id='word_1_212' title='bbox 448 3251 664 3315; x_wconf 87' lang='lat' dir='ltr'>inducendus?</span> <span class='ocrx_word' id='word_1_213' title='bbox 686 3253 752 3314; x_wconf 88' lang='lat' dir='ltr'>Fac</span> <span class='ocrx_word' id='word_1_214' title='bbox 775 3251 919 3314; x_wconf 85' lang='lat' dir='ltr'>effecisse</span> <span class='ocrx_word' id='word_1_215' title='bbox 941 3251 1080 3331; x_wconf 89' lang='lat' dir='ltr'>aliquem</span> <span class='ocrx_word' id='word_1_216' title='bbox 1096 3260 1130 3313; x_wconf 93' lang='lat' dir='ltr'>ut</span> <span class='ocrx_word' id='word_1_217' title='bbox 1146 3250 1178 3312; x_wconf 93' lang='lat' dir='ltr'>in</span> <span class='ocrx_word' id='word_1_218' title='bbox 1194 3269 1282 3311; x_wconf 92' lang='lat' dir='ltr'>mare</span> <span class='ocrx_word' id='word_1_219' title='bbox 1298 3248 1368 3327; x_wconf 92' lang='lat' dir='ltr'>quis</span> 
     </span>
     <span class='ocr_line' id='line_1_28' title="bbox 110 3352 1369 3439; baseline -0.002 -23"><span class='ocrx_word' id='word_1_220' title='bbox 110 3355 275 3419; x_wconf 88' lang='lat' dir='ltr'>decideret</span> <span class='ocrx_word' id='word_1_221' title='bbox 297 3365 395 3439; x_wconf 90' lang='lat' dir='ltr'>atque</span> <span class='ocrx_word' id='word_1_222' title='bbox 418 3359 535 3439; x_wconf 91' lang='lat' dir='ltr'>periret</span> <span class='ocrx_word' id='word_1_223' title='bbox 557 3358 587 3420; x_wconf 94' lang='lat' dir='ltr'>in</span> <span class='ocrx_word' id='word_1_224' title='bbox 608 3358 716 3434; x_wconf 83' lang='lat' dir='ltr'>undis3</span> <span class='ocrx_word' id='word_1_225' title='bbox 742 3378 806 3420; x_wconf 93' lang='lat' dir='ltr'>non</span> <span class='ocrx_word' id='word_1_226' title='bbox 829 3357 998 3420; x_wconf 88' lang='lat' dir='ltr'>trucidavit</span> <span class='ocrx_word' id='word_1_227' title='bbox 1021 3355 1082 3431; x_wconf 91' lang='lat' dir='ltr'>ille,</span> <span class='ocrx_word' id='word_1_228' title='bbox 1106 3375 1211 3437; x_wconf 90' lang='lat' dir='ltr'>neque</span> <span class='ocrx_word' id='word_1_229' title='bbox 1232 3352 1369 3415; x_wconf 90' lang='lat' dir='ltr'>flammis</span> 
     </span>
     <span class='ocr_line' id='line_1_29' title="bbox 112 3457 1369 3544; baseline -0.003 -22"><span class='ocrx_word' id='word_1_230' title='bbox 112 3481 217 3543; x_wconf 91' lang='lat' dir='ltr'>neque</span> <span class='ocrx_word' id='word_1_231' title='bbox 245 3481 370 3524; x_wconf 92' lang='lat' dir='ltr'>veneno</span> <span class='ocrx_word' id='word_1_232' title='bbox 400 3464 524 3544; x_wconf 88' lang='lat' dir='ltr'>paravit</span> <span class='ocrx_word' id='word_1_233' title='bbox 554 3472 708 3540; x_wconf 88' lang='lat' dir='ltr'>mortem;</span> <span class='ocrx_word' id='word_1_234' title='bbox 739 3483 757 3525; x_wconf 92' lang='lat' dir='ltr'>e</span> <span class='ocrx_word' id='word_1_235' title='bbox 785 3462 857 3544; x_wconf 86' lang='lat' dir='ltr'>lege</span> <span class='ocrx_word' id='word_1_236' title='bbox 887 3462 974 3525; x_wconf 91' lang='lat' dir='ltr'>nulla</span> <span class='ocrx_word' id='word_1_237' title='bbox 996 3462 1027 3525; x_wconf 92' lang='lat' dir='ltr'>in</span> <span class='ocrx_word' id='word_1_238' title='bbox 1049 3480 1123 3523; x_wconf 90' lang='lat' dir='ltr'>eum</span> <span class='ocrx_word' id='word_1_239' title='bbox 1144 3461 1229 3522; x_wconf 89' lang='lat' dir='ltr'>actio</span> <span class='ocrx_word' id='word_1_240' title='bbox 1251 3457 1369 3520; x_wconf 92' lang='lat' dir='ltr'>institui</span> 
     </span>
     <span class='ocr_line' id='line_1_30' title="bbox 111 3563 1369 3647; baseline -0.003 -20"><span class='ocrx_word' id='word_1_241' title='bbox 111 3575 256 3646; x_wconf 88' lang='lat' dir='ltr'>poterat,</span> <span class='ocrx_word' id='word_1_242' title='bbox 284 3568 436 3647; x_wconf 88' lang='lat' dir='ltr'>quoniam</span> <span class='ocrx_word' id='word_1_243' title='bbox 473 3578 538 3632; x_wconf 90' lang='lat' dir='ltr'>tres</span> <span class='ocrx_word' id='word_1_244' title='bbox 567 3577 692 3630; x_wconf 87' lang='lat' dir='ltr'>tantum</span> <span class='ocrx_word' id='word_1_245' title='bbox 721 3587 813 3630; x_wconf 86' lang='lat' dir='ltr'>casus</span> <span class='ocrx_word' id='word_1_246' title='bbox 843 3567 1117 3647; x_wconf 87' lang='lat' dir='ltr'>frequentissimos</span> <span class='ocrx_word' id='word_1_247' title='bbox 1146 3563 1369 3647; x_wconf 87' lang='lat' dir='ltr'>praeviderant</span> 
     </span>
     <span class='ocr_line' id='line_1_31' title="bbox 112 3668 1369 3754; baseline -0.003 -22"><span class='ocrx_word' id='word_1_248' title='bbox 112 3669 338 3735; x_wconf 84' lang='lat' dir='ltr'>Athenienses.</span> <span class='ocrx_word' id='word_1_249' title='bbox 383 3672 416 3735; x_wconf 89' lang='lat' dir='ltr'>Si</span> <span class='ocrx_word' id='word_1_250' title='bbox 445 3683 553 3735; x_wconf 89' lang='lat' dir='ltr'>autem</span> <span class='ocrx_word' id='word_1_251' title='bbox 585 3673 629 3734; x_wconf 84' lang='lat' dir='ltr'>ita</span> <span class='ocrx_word' id='word_1_252' title='bbox 658 3682 693 3734; x_wconf 91' lang='lat' dir='ltr'>ut</span> <span class='ocrx_word' id='word_1_253' title='bbox 715 3673 899 3754; x_wconf 90' lang='lat' dir='ltr'>inceperant</span> <span class='ocrx_word' id='word_1_254' title='bbox 922 3692 990 3733; x_wconf 91' lang='lat' dir='ltr'>rem</span> <span class='ocrx_word' id='word_1_255' title='bbox 1011 3672 1051 3734; x_wconf 91' lang='lat' dir='ltr'>ad</span> <span class='ocrx_word' id='word_1_256' title='bbox 1074 3669 1172 3732; x_wconf 90' lang='lat' dir='ltr'>finem</span> <span class='ocrx_word' id='word_1_257' title='bbox 1193 3668 1369 3730; x_wconf 92' lang='lat' dir='ltr'>voluissent</span> 
     </span>
     <span class='ocr_line' id='line_1_32' title="bbox 113 3770 1370 3861; baseline -0.004 -23"><span class='ocrx_word' id='word_1_258' title='bbox 113 3778 298 3856; x_wconf 87' lang='lat' dir='ltr'>perducere,</span> <span class='ocrx_word' id='word_1_259' title='bbox 324 3801 342 3842; x_wconf 91' lang='lat' dir='ltr'>e</span> <span class='ocrx_word' id='word_1_260' title='bbox 365 3799 450 3842; x_wconf 93' lang='lat' dir='ltr'>novo</span> <span class='ocrx_word' id='word_1_261' title='bbox 474 3798 604 3861; x_wconf 82' lang='lat' dir='ltr'>quoque</span> <span class='ocrx_word' id='word_1_262' title='bbox 625 3777 832 3842; x_wconf 87' lang='lat' dir='ltr'>interficiendi</span> <span class='ocrx_word' id='word_1_263' title='bbox 855 3777 955 3840; x_wconf 92' lang='lat' dir='ltr'>modo</span> <span class='ocrx_word' id='word_1_264' title='bbox 977 3778 1062 3840; x_wconf 80' lang='lat' dir='ltr'>nova</span> <span class='ocrx_word' id='word_1_265' title='bbox 1084 3784 1153 3838; x_wconf 91' lang='lat' dir='ltr'>erat</span> <span class='ocrx_word' id='word_1_266' title='bbox 1178 3770 1370 3836; x_wconf 88' lang='lat' dir='ltr'>instituenda</span> 
     </span>
    </p>
   </div>
   <div class='ocr_carea' id='block_1_3' title="bbox 200 4022 1389 4101">
    <p class='ocr_par' dir='ltr' id='par_1_6' title="bbox 200 4022 1389 4101">
     <span class='ocr_line' id='line_1_33' title="bbox 200 4022 1389 4101; baseline -0.013 -14"><span class='ocrx_word' id='word_1_267' title='bbox 200 4035 222 4101; x_wconf 86' lang='lat'>¹)</span> <span class='ocrx_word' id='word_1_268' title='bbox 240 4037 380 4098; x_wconf 89' lang='lat' dir='ltr'>Quodlibet</span> <span class='ocrx_word' id='word_1_269' title='bbox 404 4031 548 4083; x_wconf 86' lang='lat' dir='ltr'>incendium</span> <span class='ocrx_word' id='word_1_270' title='bbox 572 4031 709 4095; x_wconf 84' lang='lat' dir='ltr'>Areopago</span> <span class='ocrx_word' id='word_1_271' title='bbox 734 4031 883 4094; x_wconf 84' lang='lat' dir='ltr'>competisse</span> <span class='ocrx_word' id='word_1_272' title='bbox 907 4028 1014 4078; x_wconf 84' lang='lat' dir='ltr'>Heffteri</span> <span class='ocrx_word' id='word_1_273' title='bbox 1042 4035 1080 4077; x_wconf 90' lang='lat' dir='ltr'>est</span> <span class='ocrx_word' id='word_1_274' title='bbox 1108 4026 1232 4076; x_wconf 86' lang='lat' dir='ltr'>sententia</span> <span class='ocrx_word' id='word_1_275' title='bbox 1261 4022 1389 4088; x_wconf 88' lang='lat' dir='ltr'>(Athen.-</span> 
     </span>
    </p>
   </div>
   <div class='ocr_carea' id='block_1_4' title="bbox 113 4113 1370 4359">
    <p class='ocr_par' dir='ltr' id='par_1_7' title="bbox 113 4113 1370 4359">
     <span class='ocr_line' id='line_1_34' title="bbox 113 4113 1367 4190; baseline -0.012 -15"><span class='ocrx_word' id='word_1_276' title='bbox 113 4124 379 4190; x_wconf 84' lang='lat' dir='ltr'>Gerichtsverfassung</span> <span class='ocrx_word' id='word_1_277' title='bbox 403 4122 472 4187; x_wconf 86' lang='lat'>180).</span> <span class='ocrx_word' id='word_1_278' title='bbox 514 4115 778 4177; x_wconf 78' lang='lat' dir='ltr'>Meter-Schoemann,</span> <span class='ocrx_word' id='word_1_279' title='bbox 809 4119 865 4167; x_wconf 89' lang='lat' dir='ltr'>Att.</span> <span class='ocrx_word' id='word_1_280' title='bbox 895 4119 967 4167; x_wconf 88' lang='lat' dir='ltr'>Proc.</span> <span class='ocrx_word' id='word_1_281' title='bbox 993 4113 1077 4179; x_wconf 80' lang='lat' dir='ltr'>314l5.</span> <span class='ocrx_word' id='word_1_282' title='bbox 1123 4114 1241 4178; x_wconf 87' lang='lat' dir='ltr'>Philippi,</span> <span class='ocrx_word' id='word_1_283' title='bbox 1271 4114 1367 4176; x_wconf 85' lang='lat' dir='ltr'>Areop.</span> 
     </span>
     <span class='ocr_line' id='line_1_35' title="bbox 118 4199 1370 4274; baseline -0.018 -5"><span class='ocrx_word' id='word_1_284' title='bbox 118 4221 176 4271; x_wconf 86' lang='lat'>161:</span> <span class='ocrx_word' id='word_1_285' title='bbox 207 4219 302 4268; x_wconf 83' lang='lat' dir='ltr'>Contra</span> <span class='ocrx_word' id='word_1_286' title='bbox 327 4220 438 4270; x_wconf 88' lang='lat' dir='ltr'>censent,</span> <span class='ocrx_word' id='word_1_287' title='bbox 467 4210 634 4274; x_wconf 84' lang='lat' dir='ltr'>Areopagitas</span> <span class='ocrx_word' id='word_1_288' title='bbox 657 4208 779 4258; x_wconf 91' lang='lat' dir='ltr'>iudicasse</span> <span class='ocrx_word' id='word_1_289' title='bbox 806 4206 841 4255; x_wconf 88' lang='lat' dir='ltr'>ita</span> <span class='ocrx_word' id='word_1_290' title='bbox 868 4207 970 4256; x_wconf 90' lang='lat' dir='ltr'>demum</span> <span class='ocrx_word' id='word_1_291' title='bbox 997 4205 1017 4254; x_wconf 93' lang='lat' dir='ltr'>si</span> <span class='ocrx_word' id='word_1_292' title='bbox 1040 4205 1106 4253; x_wconf 87' lang='lat' dir='ltr'>vitae</span> <span class='ocrx_word' id='word_1_293' title='bbox 1131 4201 1240 4252; x_wconf 88' lang='lat' dir='ltr'>hominis</span> <span class='ocrx_word' id='word_1_294' title='bbox 1263 4199 1370 4249; x_wconf 84' lang='lat' dir='ltr'>insidiae</span> 
     </span>
     <span class='ocr_line' id='line_1_36' title="bbox 115 4288 1369 4359; baseline -0.018 0"><span class='ocrx_word' id='word_1_295' title='bbox 115 4317 223 4359; x_wconf 85' lang='lat' dir='ltr'>structae</span> <span class='ocrx_word' id='word_1_296' title='bbox 246 4312 343 4356; x_wconf 79' lang='lat' dir='ltr'>essent:</span> <span class='ocrx_word' id='word_1_297' title='bbox 373 4301 479 4359; x_wconf 85' lang='lat' dir='ltr'>Gilbert,</span> <span class='ocrx_word' id='word_1_298' title='bbox 506 4299 550 4349; x_wconf 90' lang='lat' dir='ltr'>Gr.</span> <span class='ocrx_word' id='word_1_299' title='bbox 575 4297 655 4346; x_wconf 87' lang='lat' dir='ltr'>St.·A.</span> <span class='ocrx_word' id='word_1_300' title='bbox 674 4298 686 4345; x_wconf 96' lang='lat' dir='ltr'>I</span> <span class='ocrx_word' id='word_1_301' title='bbox 704 4297 754 4359; x_wconf 85' lang='lat'>362</span> <span class='ocrx_word' id='word_1_302' title='bbox 774 4302 833 4344; x_wconf 94' lang='lat' dir='ltr'>nota</span> <span class='ocrx_word' id='word_1_303' title='bbox 853 4309 874 4344; x_wconf 88' lang='lat'>1.</span> <span class='ocrx_word' id='word_1_304' title='bbox 921 4294 1018 4354; x_wconf 87' lang='lat' dir='ltr'>Busolt,</span> <span class='ocrx_word' id='word_1_305' title='bbox 1045 4292 1145 4342; x_wconf 86' lang='lat' dir='ltr'>Griech.</span> <span class='ocrx_word' id='word_1_306' title='bbox 1170 4288 1261 4339; x_wconf 88' lang='lat' dir='ltr'>Gesch.</span> <span class='ocrx_word' id='word_1_307' title='bbox 1279 4290 1369 4352; x_wconf 82' lang='lat'>1415.</span> 
     </span>
    </p>
   </div>
   <div class='ocr_carea' id='block_1_5' title="bbox 116 4385 965 4450">
    <p class='ocr_par' dir='ltr' id='par_1_8' title="bbox 116 4385 965 4450">
     <span class='ocr_line' id='line_1_37' title="bbox 116 4385 965 4450; baseline -0.019 -3"><span class='ocrx_word' id='word_1_308' title='bbox 116 4395 251 4446; x_wconf 86' lang='lat' dir='ltr'>Thalheim</span> <span class='ocrx_word' id='word_1_309' title='bbox 271 4395 297 4443; x_wconf 90' lang='lat' dir='ltr'>in</span> <span class='ocrx_word' id='word_1_310' title='bbox 317 4395 350 4443; x_wconf 92' lang='lat' dir='ltr'>K.</span> <span class='ocrx_word' id='word_1_311' title='bbox 369 4393 411 4442; x_wconf 71' lang='lat' dir='ltr'>Fr,</span> <span class='ocrx_word' id='word_1_312' title='bbox 430 4391 518 4440; x_wconf 84' lang='lat' dir='ltr'>Herm.</span> <span class='ocrx_word' id='word_1_313' title='bbox 539 4386 640 4437; x_wconf 90' lang='lat' dir='ltr'>Griech.</span> <span class='ocrx_word' id='word_1_314' title='bbox 659 4385 745 4450; x_wconf 90' lang='lat' dir='ltr'>Antiq.</span> <span class='ocrx_word' id='word_1_315' title='bbox 764 4401 790 4449; x_wconf 89' lang='lat' dir='ltr'>p.</span> <span class='ocrx_word' id='word_1_316' title='bbox 808 4397 841 4444; x_wconf 84' lang='lat'>42</span> <span class='ocrx_word' id='word_1_317' title='bbox 861 4392 924 4433; x_wconf 89' lang='lat' dir='ltr'>nota</span> <span class='ocrx_word' id='word_1_318' title='bbox 942 4397 965 4432; x_wconf 88' lang='lat'>2.</span> 
     </span>
    </p>
   </div>
   <div class='ocr_carea' id='block_1_6' title="bbox 0 0 1698 5284">
    <p class='ocr_par' dir='ltr' id='par_1_9' title="bbox 0 0 1698 5284">
     <span class='ocr_line' id='line_1_38' title="bbox 0 0 1698 5284; baseline 0 0"><span class='ocrx_word' id='word_1_319' title='bbox 0 0 1698 5284; x_wconf 95' lang='lat' dir='ltr'> </span> 
     </span>
    </p>
   </div>
  </div>
 </body>
</html>
