3350 5284
831 435 1041 503 ...26-

310 599 404 676 acti0,
433 598 521 662 velut
550 591 829 680 ἀποθαλάοτωσις
860 603 910 664 vel
940 601 1133 681 λιμοκτονύα
1161 605 1211 667 vel
1244 605 1347 668 simile
1375 606 1493 686 aliquid
1522 607 1565 669 ad

310 703 474 767 infinitum.
520 704 622 768 Vides
651 715 760 772 autem
788 706 880 770 facile
906 709 1072 771 criminum
1102 710 1216 772 seriem
1245 710 1372 791 longius
1394 711 1439 774 ita
1466 721 1564 794 atque

309 811 403 874 latius
431 803 589 873 creturam
619 810 732 889 luisse,
771 834 869 893 quam
896 833 979 892 quae
1007 815 1039 877 in
1066 835 1131 877 uno
1159 816 1305 894 quamvis
1333 817 1453 899 ingenti
1481 838 1564 880 saxo

309 915 548 989 describeretur,
579 917 630 978 vel
659 918 701 981 ab
735 939 798 980 uno
828 916 958 981 homine
984 928 1095 1001 posset
1122 929 1229 982 mente
1250 921 1367 1015 teneri;
1398 942 1436 985 ac
1459 942 1498 984 ne
1520 923 1564 985 ita

309 1021 440 1102 quidem
463 1040 603 1101 unquam
625 1023 670 1086 eis
692 1023 894 1104 contigisset,
927 1034 963 1087 ut
992 1045 1159 1087 numerum
1187 1025 1449 1090 innumerabilem
1478 1047 1562 1088 com·

309 1126 523 1208 plecterentur
552 1129 695 1190 omnium
716 1129 823 1191 caedis
845 1129 1013 1194 rationum.

393 1231 482 1312 Ergo
511 1231 601 1294 aliter
630 1253 699 1295 rem
728 1234 922 1296 iudiciariam
952 1232 1155 1309 moderaturi,
1182 1255 1256 1297 cum
1284 1237 1331 1299 sic
1360 1244 1395 1298 ut
1416 1237 1563 1318 primitus

309 1355 382 1398 earn
405 1336 611 1400 instituissent
632 1339 781 1402 viderent
798 1358 867 1401 rem
889 1359 954 1401 non
976 1358 1074 1420 posse
1094 1338 1213 1421 perfici,
1237 1360 1332 1403 unam
1348 1340 1564 1404 Athenienses

309 1449 488 1504 statuerunt
517 1441 632 1523 legem,
663 1462 747 1524 quae
777 1444 892 1508 caedes
920 1444 1188 1526 complecteretur
1216 1466 1333 1527 omnes„
1355 1467 1375 1508 a
1397 1447 1563 1510 manifesta

309 1547 465 1609 diversas:
503 1545 566 1626 Qui
595 1543 774 1629 βουλεύσας
802 1548 966 1634 interficit,
988 1551 1145 1613 tenendus
1173 1559 1223 1613 est
1251 1551 1282 1612 in
1314 1553 1440 1626 eodem,
1470 1573 1508 1615 ac
1536 1554 1562 1615 si

311 1649 416 1734 (χειρὶ)
445 1645 546 1735 φόνον
568 1653 820 1735 commisisset1).
866 1651 918 1716 Sic
940 1650 1029 1743 φόνῳ
1052 1650 1161 1735 ἔνοχος
1182 1654 1326 1731 habetur,
1356 1658 1410 1737 qui
1432 1666 1488 1720 aut
1510 1678 1561 1720 un·

309 1758 356 1818 dis
378 1765 434 1819 aut
455 1755 540 1818 fame
562 1766 617 1820 aut
638 1757 713 1839 gelu
735 1769 791 1821 aut
813 1759 920 1822 calore
940 1761 1077 1840 denique
1100 1761 1153 1840 qui
1177 1761 1414 1842 quaviscunque
1440 1764 1562 1825 ratione

309 1857 411 1945 φόνου
435 1853 542 1939 αἴτιος
562 1861 728 1926 habendus
752 1866 841 1944 esta).
885 1863 993 1927 Etiam
1014 1866 1040 1927 is
1063 1866 1121 1946 qui¹
1139 1866 1279 1929 incitavit
1294 1866 1429 1929 alterum
1444 1888 1487 1929 ex
1502 1868 1562 1930 hac

309 1966 382 2048 lege
413 1961 515 2050 φόνου
545 1976 673 2049 poterat
699 1989 771 2031 reus
793 1967 860 2031 fieri
870 1971 901 2050 ³),
921 1990 1003 2033 unus
1032 1972 1117 2034 enim
1145 1991 1238 2034 casus
1260 1970 1312 2033 ille
1334 1981 1383 2035 est
1406 1993 1423 2034 e
1446 1974 1560 2048 multis,

310 2072 363 2151 qui
390 2073 509 2134 cadunt
537 2071 597 2135 sub
625 2092 697 2135 eam
727 2072 843 2154 legem.
888 2073 922 2137 Si
945 2095 1008 2156 qua
1030 2077 1070 2139 de
1092 2096 1132 2139 eo
1154 2075 1310 2157 agebatur
1335 2078 1474 2153 crimine,
1498 2099 1562 2142 non

395 2307 417 2376 ¹)
436 2310 463 2359 Si
480 2311 617 2375 premimus
635 2327 696 2372 rem,
717 2313 965 2378 comprehenduntur
983 2330 1013 2364 ea
1029 2315 1087 2379 lege
1104 2315 1181 2364 etiam
1198 2333 1296 2366 venena
1313 2325 1338 2366 et
1355 2318 1479 2378 incendia,
1505 2325 1562 2367 suut

224 2431 226 2436 -
308 2399 375 2448 enim
401 2414 455 2446 nou
481 2401 581 2470 »χειρία
604 2407 713 2465 peracta.
736 2428 771 2438 -
794 2403 947 2468 Quanquam
971 2419 1001 2452 ea
1024 2402 1127 2468 quidem
1150 2404 1235 2453 locum
1263 2405 1314 2454 iam
1341 2405 1518 2455 habebantur
1539 2407 1559 2457 l.

308 2488 487 2552 Areopagitica
506 2488 650 2554 antiquitus.

393 2575 415 2641 ²)
435 2570 542 2660 »φόνου
556 2581 658 2637 ιιίτιοςιτ
673 2595 688 2628 a
700 2579 829 2628 nonnullis
839 2579 871 2628 de
883 2578 1012 2628 incitando
1025 2579 1186 2644 intellegitur.
1211 2581 1283 2643 Quae
1295 2579 1366 2631 notio
1379 2598 1462 2647 neque
1474 2592 1562 2634 natura

308 2665 372 2714 inest
394 2664 417 2714 ei
440 2668 517 2716 verbo
542 2682 624 2731 neque
646 2683 677 2716 ex
700 2683 747 2716 usu
764 2669 787 2718 ei
805 2669 965 2733 supponitur.
1002 2668 1099 2717 Caedes
1116 2668 1201 2732 potius
1218 2668 1351 2727 indicatur,
1370 2683 1424 2716 non
1440 2668 1562 2716 violenter

307 2769 389 2818 neque
415 2755 513 2803 actione
535 2755 666 2804 manifesta
690 2757 830 2815 commissa,
856 2757 926 2806 velut
943 2759 1003 2820 Lys.
1022 2757 1089 2808 XIII
1108 2767 1153 2821 57:
1185 2759 1276 2808 καίτοι
1299 2759 1325 2808 εἰ
1342 2754 1445 2815 ίκεῖνος
1464 2753 1561 2820 (Mene-

307 2841 410 2908 stratos)
435 2837 588 2904 dntduvav,
612 2833 628 2909 ἦ
651 2859 708 2894 που
725 2837 873 2915 Ἀγόρατός
890 2859 923 2910 γε
944 2844 1058 2903 δικαίως
1076 2839 1271 2909 ἀποθανεῖται,
1291 2839 1321 2903 ὃς
1338 2862 1370 2911 γε
1388 2839 1438 2896 τόν
1455 2859 1484 2894 τε
1501 2847 1560 2895 Με-

306 2935 456 3002 νέστρατον
482 2924 654 3003 ἀπογράψας
675 2933 764 2988 αἴτιος
785 2931 881 3000 ἐκείνῳ
898 2932 956 2985 ίστλ
974 2941 1024 2985 τοῦ
1043 2929 1179 2991 θανάτου,
1205 2934 1362 2983 denuntiavit
1383 2949 1449 2993 reus,
1474 2931 1562 2980 mortis

306 3021 341 3069 ita
357 3021 405 3070 fuit
422 3029 523 3080 auctor;
545 3020 656 3069 incitavit
673 3019 809 3069 neminem.
847 3023 922 3072 Dem.
943 3035 984 3086 23,
1006 3023 1053 3086 38:
1083 3015 1132 3075 ra'v
1153 3040 1195 3080 τις
1213 3017 1366 3092 ἀποκτείνῃ
1389 3014 1441 3072 τὸν
1460 3015 1562 3089 ἀνδρο-

308 3105 397 3178 φόνον
415 3101 432 3173 ii
450 3113 539 3168 αἴτιος
556 3099 571 3180 ᾖ
591 3099 683 3178 φόνου
696 3149 701 3162 .
715 3145 722 3160 .
735 3145 742 3160 .
755 3104 849 3180 ὥσπερ
868 3105 918 3162 τὸν
935 3104 1087 3176 Ἀθηναῖον
1110 3108 1313 3164 ἀποκτείναντα
1339 3109 1369 3160 ίν
1391 3113 1451 3167 τοῖς
1467 3108 1562 3166 αὐτοῖς

306 3197 462 3264 ἐνέχεσθαι.
503 3198 544 3248 Νε
567 3199 617 3248 hoc
643 3198 745 3262 quidem
763 3206 829 3248 recte
854 3198 886 3247 de
910 3199 1054 3250 incitatione
1077 3201 1224 3266 iutellegas;
1253 3209 1328 3264 atque
1352 3197 1465 3264 seqnitur
1488 3199 1560 3248 inter·

307 3287 415 3352 pretatio
434 3288 504 3337 verbi
520 3287 583 3336 haec
602 3283 688 3352 (§43)
707 3285 754 3356 ἔσῃ
772 3281 800 3339 d'
816 3288 905 3347 αἴτιος
919 3285 979 3353 τὴν
997 3284 1125 3342 dodini
1145 3295 1375 3360 ψηφίσματος
1392 3286 1560 3348 ἐξουσίαν

308 3369 475 3432 δεδωκύα

394 3462 415 3528 ³)
434 3463 565 3530 Expressis
583 3463 665 3513 verbis
682 3463 724 3513 lex
740 3464 810 3513 And.
829 3465 886 3526 197
904 3465 1049 3514 incitantem
1067 3466 1167 3516 videtur
1177 3466 1302 3532 proferre:
1323 3463 1382 3518 ddi
1396 3462 1561 3521 cinomiam·

306 3548 358 3603 τὸν
379 3557 467 3604 ταῦτα
489 3547 647 3618 ποιήσαντα
669 3552 716 3602 καὶ
741 3545 756 3602 ὃ
780 3547 989 3622 συμβουλεύσας
1013 3548 1090 3613 ὅσιος
1114 3554 1182 3608 ἔσται
1201 3556 1246 3607 καλ
1266 3553 1377 3624 εύαγής.
1412 3553 1484 3604 Nihil
1500 3553 1558 3610 hoc,

307 3641 405 3691 etiamsi
428 3641 462 3689 ita
485 3657 512 3690 se
535 3641 647 3698 haberet,
674 3647 763 3689 contra
785 3655 868 3689 meam
885 3657 938 3690 rem
955 3640 1057 3693 iaceret.
1094 3645 1160 3693 Fieri
1178 3645 1244 3693 enim
1264 3653 1348 3710 potest
1366 3653 1395 3693 ut
1411 3643 1469 3706 lege
1486 3641 1560 3691 etiam

308 3729 416 3777 adeum
434 3744 518 3778 casum
536 3727 691 3792 respiciatur,
716 3735 828 3777 attamen
854 3729 919 3778 actio
937 3728 1014 3779 luisse
1036 3733 1138 3797 propria
1158 3734 1183 3781 in
1203 3733 1304 3782 crimine
1323 3731 1476 3782 incitationis
1497 3746 1560 3778 non·

307 3818 368 3866 dum
397 3816 528 3866 evincitur.
572 3817 725 3881 Quanquam
754 3817 840 3866 adhuc
867 3817 957 3867 dubito
980 3835 1041 3868 num
1065 3828 1131 3870 recte
1152 3821 1216 3886 legis
1244 3822 1321 3870 verba
1349 3813 1561 3884 intelleganturd

307 3899 518 3974 συμβουλεύσας
537 3904 595 3968 »qui
614 3905 736 3970 persuasit
753 3906 892 3970 percussori
911 3913 939 3954 ut
956 3907 1108 3957 occideret«.
1147 3910 1174 3959 Si
1191 3911 1258 3959 enim
1275 3909 1311 3959 ita
1327 3908 1361 3957 ad
1378 3907 1490 3956 eiusdem
1501 3906 1561 3956 raeti

307 3992 372 4040 duos
389 3992 517 4057 respicitur
529 4002 643 4042 auctores
654 4010 707 4043 uon
718 3994 793 4043 video
805 3995 936 4060 quomodo
950 4010 1004 4044 non
1015 4008 1135 4060 poscatur
1146 3997 1226 4046 dualis
1240 3991 1256 4046 ὁ
1271 3991 1370 4049 ἀποκτ.
1388 3998 1436 4048 καλ
1448 3991 1464 4047 ὁ
1477 4001 1559 4066 συμβ.

308 4073 394 4132 ὁσίαν
418 4077 539 4133 ἔστωνλ
571 4080 696 4145 Equidem
726 4082 904 4147 explicaverim
932 4081 1009 4146 igitur
1035 4084 1119 4134 locum
1147 4086 1200 4136 ita:
1215 4085 1280 4135 liber
1304 4100 1319 4134 a
1342 4102 1427 4151 poena
1451 4086 1510 4144 erit,
1540 4084 1560 4133 si

307 4167 363 4233 quis
389 4169 516 4229 occiderit,
544 4179 568 4220 et
587 4196 619 4206 -
638 4169 659 4218 si
682 4170 737 4235 quis
760 4179 804 4220 aut
828 4171 933 4220 suaserit
957 4172 983 4220 in
1005 4172 1138 4234 contione,
1164 4181 1208 4222 aut
1229 4174 1263 4223 ad
1286 4174 1406 4225 iudicium
1429 4172 1560 4222 deduxerit

307 4264 474 4319 accusaturus,
498 4266 549 4320 aut,
569 4258 653 4319 iudex,
675 4275 785 4324 poenam
804 4259 893 4324 capitis
903 4260 1062 4309 statuendam
1075 4263 1300 4321 commendaverit;
1321 4262 1475 4327 respondere
1487 4261 1560 4324 igitur

306 4345 369 4394 mihi
385 4346 503 4398 videntur
520 4347 633 4398 actiones
650 4342 825 4400 ἀποκτείνειν
837 4344 1079 4419 -συμβουλεύειν
1096 4350 1256 4400 iureiurando
1274 4351 1301 4400 in
1318 4350 1410 4400 eodem
1428 4348 1559 4414 plebiscito

306 4436 383 4497 1972
402 4437 490 4488 κτενιύ
508 4439 555 4489 καλ
572 4431 662 4504 λόγῳ
680 4464 715 4474 -
732 4440 779 4489 καλ
799 4437 886 4508 ἔργῳ
901 4436 905 4500 Ι
920 4440 968 4488 καλ
989 4431 1092 4508 ψήφῳ
1109 4465 1141 4474 -
1160 4440 1207 4490 καλ
1224 4440 1256 4510 τῇ
1274 4439 1433 4508 ἐμαυτοῦ
1448 4440 1531 4508 χειρί.
