3350 5284
824 471 1034 519 ,10-

298 624 486 688 Andocides
512 626 645 690 Leontis
674 635 801 708 praeter
829 625 877 689 fas
904 635 1002 707 atque
1031 627 1078 689 ius
1107 629 1203 690 occisi
1233 637 1337 691 morte
1363 629 1462 691 iratus
1491 649 1551 710 pro

298 750 487 812 percussore
516 732 700 794 habendum
727 751 797 793 esse
825 739 923 813 atque
945 732 1142 813 puniendum
1163 732 1319 796 Meletum
1341 734 1549 808 demonstrat,

299 837 445 918 quamvis
476 857 540 900 non
568 838 758 919 percusserit
787 836 963 912 Leontem;
993 846 1121 899 vetusta
1148 839 1233 900 enim
1261 847 1358 920 atque
1381 839 1550 902 iustissima

298 941 370 1022 lege
396 950 551 1005 statutum
577 962 663 1006 esse:
697 950 751 1003 »ut
772 943 798 1003 is
825 942 879 1021 qui
907 943 1040 1004 caedem
1067 944 1285 1024 excogitasset
1314 945 1429 1007 eodem
1452 946 1550 1008 modo

297 1048 460 1128 puniretur
479 1056 576 1128 atque
597 1047 677 1109 alter
699 1045 750 1108 ille
773 1047 826 1126 qui
850 1066 922 1108 eam
944 1046 1165 1129 perfecissem!
1184 1084 1228 1094 —
1249 1049 1293 1111 ita
1308 1049 1437 1130 quidem
1453 1069 1471 1112 e
1487 1049 1549 1111 vul-

299 1162 376 1233 gata
406 1153 676 1234 interpretatione.
697 1187 736 1197 -—
760 1150 933 1232 Intelleg03
964 1144 982 1216 ὃ
1003 1145 1180 1234 βουλεύσας
1200 1162 1250 1215 est
1271 1153 1418 1227 Meletus,
1446 1173 1549 1234 neque

297 1259 381 1320 enim
403 1259 471 1340 ipse
494 1257 545 1321 ille
568 1257 729 1320 occiderat
751 1258 927 1332 Leontem3
957 1257 1009 1319 ubi
1036 1267 1143 1319 autem
1163 1267 1213 1321 est
1235 1259 1365 1321 tandem
1388 1257 1551 1321 maleficus

297 1363 387 1440 alter,
418 1365 471 1446 qui
498 1363 631 1426 caedem
652 1362 793 1444 perfecit,
825 1381 965 1442 quanam
995 1361 1128 1426 affectus
1157 1373 1207 1426 est
1232 1383 1339 1445 poena
1363 1365 1550 1445 gravissima

296 1468 354 1531 sed
366 1469 447 1530 iusta
460 1489 506 1543 ea,
520 1488 584 1549 qua
596 1468 709 1530 eadem
721 1467 836 1548 dignus
848 1468 944 1530 etiam
957 1466 1096 1531 Meletus
1107 1468 1273 1531 habendus
1284 1466 1353 1530 est?
1368 1467 1486 1530 Perse
1495 1469 1550 1531 cit

295 1572 462 1636 caedem
485 1572 689 1649 carnifex;
712 1573 743 1634 in
756 1571 904 1634 iudicium
920 1581 1037 1648 autem,
1062 1583 1097 1636 ut
1111 1575 1235 1656 opinor,
1259 1593 1323 1635 non
1340 1582 1474 1636 vocatus
1490 1584 1549 1652 est,

296 1677 376 1741 liber
398 1687 448 1740 est
462 1678 503 1741 ab
519 1679 607 1740 omni
622 1698 727 1760 poena
736 1677 770 1760 1).
807 1675 894 1757 Quid
910 1687 1018 1741 autem
1038 1678 1199 1742 Andocidi
1217 1679 1349 1741 tandem
1363 1679 1394 1739 in
1409 1690 1549 1741 mentem

296 1784 382 1847 venit
403 1792 438 1846 ut
459 1784 593 1846 eandem
611 1783 733 1846 Meleto
755 1782 911 1864 irrogaret
933 1803 1089 1865 poenam;
1113 1803 1218 1846 nonne
1239 1783 1345 1846 verbis
1367 1783 1431 1845 suis
1453 1785 1550 1846 risum

295 1889 403 1968 potius
426 1908 523 1969 quam
539 1887 788 1951 misericordiam
804 1889 943 1952 iudicum
960 1897 1104 1950 moturus
1119 1887 1208 1951 erat?
1224 1890 1360 1971 ineptius
1376 1910 1443 1951 rem
1458 1909 1549 1951 suam

296 1992 454 2056 moderari
478 2013 551 2055 eum
572 2013 637 2055 non
659 2013 756 2075 posse
778 1993 870 2057 facile
892 1993 1060 2060 concedes.
1096 1993 1151 2056 An
1174 1993 1309 2057 fortasse
1331 1994 1551 2075 interpretatio

295 2097 375 2161 falsa
398 2097 476 2160 erit?
514 2097 616 2180 Spero
638 2099 787 2181 equidem
811 2118 878 2161 rem
902 2099 946 2161 ita
968 2118 1002 2160 se
1023 2097 1151 2172 habere,
1181 2117 1278 2178 spero
1299 2100 1405 2172 etiam,
1429 2099 1550 2162 nullum

294 2202 371 2265 mihi
393 2223 464 2266 esse
486 2206 638 2267 iraturum
661 2205 748 2284 quod
771 2205 960 2268 nostratium
983 2223 1123 2266 errorem
1146 2204 1334 2285 impugnare
1349 2203 1435 2267 malo
1452 2225 1549 2287 quam

293 2308 429 2388 ineptias
458 2328 522 2370 non
556 2308 702 2372 ferendas
737 2311 895 2391 imputare
923 2307 1094 2375 Andocidi.
1138 2308 1174 2370 In
1202 2307 1274 2390 lege
1302 2329 1340 2371 ea
1365 2310 1463 2372 verba
1485 2331 1549 2373 non

294 2411 374 2475 fiunt
409 2413 449 2475 de
485 2415 668 2478 auctoribus
701 2414 922 2477 »intellectuali
951 2423 984 2475 et
1018 2413 1193 2494 physico«;
1228 2415 1359 2478 omnino
1393 2435 1458 2478 non
1494 2435 1548 2496 op·

295 2527 459 2599 ponuntur
479 2519 538 2582 sibi
560 2519 625 2582 duo
648 2521 802 2582 homines.

331 2641 333 2644 ·
380 2624 428 2686 At
459 2625 545 2711 χειρὶ
579 2622 757 2710 ἐργάζομαι
790 2623 948 2705 significat
965 2645 970 2686 :
988 2625 1056 2705 ipse
1085 2621 1234 2705 perfici0;
1264 2644 1345 2705 ergo
1375 2625 1549 2707 opponitur

294 2729 473 2792 necessario
494 2729 574 2792 alter
595 2728 710 2817 homo!

379 2835 452 2897 Hoc
481 2835 587 2916 ipsum
617 2843 666 2897 est
698 2836 786 2916 quod
807 2855 907 2916 nego;
931 2854 1037 2896 errore
1060 2835 1123 2897 hoc
1140 2844 1310 2915 acceptum
1324 2835 1460 2899 alterum
1477 2857 1548 2918 pro

294 2940 388 3002 duxit
417 2960 567 3004 errorem.
623 2939 754 3003 Falsum
787 2949 837 3002 est
866 2938 954 3020 quod
984 2939 1083 3020 vulgo
1113 2939 1226 3002 dicitur
1253 2937 1338 3024 χειρὶ
1369 2936 1547 3025 ἐργάζομαι

293 3046 378 3108 idem
401 3065 471 3108 esse
494 3056 590 3127 atque
616 3048 701 3127 »ipse
724 3045 910 3122 interficio«,
933 3064 1037 3127 neque
1059 3045 1089 3107 id
1106 3045 1193 3128 quod
1209 3048 1383 3127 opponitur
1405 3045 1550 3130 βουλεύω

293 3150 452 3232 significat
476 3150 624 3213 »alterius
647 3171 710 3233 ope
732 3160 840 3228 utor‹;
864 3152 990 3233 penitus
1012 3151 1199 3213 inveteravit
1220 3149 1272 3212 hic
1287 3160 1384 3229 erro'r,
1408 3151 1549 3216 funditus

293 3255 478 3318 evellendus
508 3266 567 3321 est.
610 3255 696 3341 χειρὶ
726 3251 904 3341 ἐργάζομαι
931 3257 1115 3337 simpliciter
1137 3264 1208 3317 est:
1226 3276 1322 3318 manu
1345 3277 1419 3338 ago.
1461 3258 1549 3343 χειρὶ

294 3355 505 3446 ἐργαζόμενος
532 3355 733 3436 ἀποκτείνω,
763 3381 858 3424 manu
885 3382 985 3443 agens
1013 3360 1178 3426 interficio.
1231 3360 1264 3423 Si
1295 3363 1366 3442 quis
1395 3383 1460 3425 non
1489 3384 1549 3445 per

293 3487 451 3530 manum
487 3466 570 3548 agit,
597 3465 661 3529 alio
689 3466 720 3529 id
751 3466 846 3529 saciat
874 3468 990 3546 modo,
1026 3467 1089 3529 alio
1116 3467 1263 3530 membro
1288 3489 1294 3530 :
1317 3468 1417 3549 pede,
1446 3469 1471 3531 si
1499 3471 1549 3533 dis

292 3570 407 3653 placet.
449 3572 548 3634 Rides
571 3571 715 3634 fortasse.
755 3570 948 3653 Quanquam
978 3593 1043 3636 non
1073 3572 1149 3634 mihi
1177 3581 1227 3635 est
1255 3572 1286 3634 in
1314 3574 1422 3636 animo
1450 3575 1548 3637 iocari

292 3677 323 3739 in
355 3678 450 3740 rebus
484 3678 590 3754 seriis;
631 3676 741 3739 audias
774 3679 822 3740 ius
854 3679 1020 3740 iurandum
1057 3677 1331 3759 Amphictyoniae
1368 3679 1548 3761 Delphicae

294 3780 425 3863 (Aesch.
448 3782 477 3845 ΙΙ
504 3785 590 3864 115):
626 3781 682 3847 καὶ
713 3777 769 3845 ἐάν
798 3806 848 3860 τις
877 3773 897 3869 ἢ
923 3782 1008 3870 συλᾷ
1029 3778 1070 3847 τὰ
1092 3785 1149 3848 τοῦ
1170 3785 1253 3846 θεοῦ
1274 3773 1296 3870 ἢ
1317 3783 1449 3872 συνειδῇ
1469 3809 1501 3850 τι
1524 3776 1548 3872 ἢ

291 3881 451 3974 βουλεύσῃ
472 3911 505 3954 τι
528 3883 611 3952 κατὰ
632 3890 696 3953 τῶν
719 3882 821 3971 ῖεράιν,
846 3886 1039 3973 τιμωρήσειν
1060 3887 1119 3954 καὶ
1146 3889 1259 3973 χειρὶ
1280 3888 1338 3954 καὶ
1360 3890 1442 3954 τισδ
1454 3890 1466 3956 i
1489 3890 1548 3955 καὶ

292 3993 405 4078 φωνῇ
419 3991 477 4057 καὶ
492 3986 606 4078 πάσῃ
622 3985 811 4075 δυνάμει.
834 3994 926 4074 Ager
936 3992 1105 4057 Cirrhaeus
1117 4004 1302 4056 exsecratur
1313 3995 1399 4058 hisce
1411 3996 1547 4079 (Aesch.

291 4097 336 4159 ΙΙΙ
364 4113 431 4174 110,
459 4102 545 4180 120):
575 4097 630 4162 καὶ
662 4095 720 4168 ἐπὶ
750 4091 879 4176 τούτοις
906 4090 1003 4182 ὅρκον
1030 4089 1163 4180 ὤμοσαν
1192 4095 1322 4182 ἰσχυρὸν
1348 4093 1425 4187 μήτ’
1452 4098 1548 4167 αὐτοὶ

378 4276 399 4342 ¹)
416 4280 480 4327 Rern
499 4287 611 4343 apertam
629 4294 643 4327 e
660 4278 779 4328 Romano
800 4279 853 4327 iure
870 4279 987 4343 exemplo
1005 4279 1129 4328 illustrare
1146 4280 1220 4329 liceat
1238 4281 1268 4332 L.
1290 4280 1336 4342 167
1355 4278 1373 4346 ξ
1394 4295 1416 4330 1.
1446 4283 1507 4346 Dig.
1519 4282 1546 4331 d.

290 4381 343 4429 reg.
361 4365 406 4414 iur.
425 4363 479 4430 (50,
503 4365 553 4431 17).
590 4366 641 4429 Qui
664 4366 731 4414 iussu
754 4366 843 4415 iudicis
861 4367 929 4432 alqd.
947 4367 1015 4430 facit,
1037 4384 1089 4418 non
1106 4368 1205 4417 videtur
1223 4368 1284 4418 dolo
1302 4369 1370 4417 malo
1387 4370 1467 4419 saoere
1486 4370 1547 4434 quia

290 4470 377 4519 parere
394 4471 496 4506 necesse
513 4456 597 4504 habet.
632 4454 676 4504 csr.
695 4454 769 4516 Geib,
789 4455 877 4505 Strafr.
898 4452 915 4521 ξ
932 4469 974 4518 90.
