3350 5284
801 501 1010 548 ...20-

362 657 433 720 Nos
462 655 591 736 quidem
623 656 794 718 vernaculo
823 674 972 718 sermone
1002 656 1225 718 consuevimus
1261 657 1351 736 quasi
1382 654 1457 718 nihil
1489 655 1536 716 in-

278 771 415 827 teresset
435 761 617 843 promiscue
640 761 745 824 dicere
770 759 1004 843 »eigenhiindig
1017 791 1059 814 =
1073 762 1104 823 in
1119 762 1228 843 eigner
1243 761 1394 829 Person«,
1430 759 1534 821 Plera-

282 889 344 950 que
373 867 458 930 enim
486 886 569 948 quae
596 865 729 928 facimus
758 886 776 928 e
805 867 993 929 condicione
1021 865 1160 930 humana
1184 887 1247 950 per
1277 887 1406 930 manum
1436 864 1534 942 fiunt;

281 973 398 1037 nemini
420 980 528 1034 autem
550 978 585 1032 ut
606 970 722 1052 opinor
743 969 879 1052 placeat,
904 972 929 1034 si
953 972 1129 1054 quisdicat
1151 972 1231 1054 (ipse
1257 973 1363 1054 venio)
1386 965 1541 1053 αἰπόχειρ

282 1071 351 1166 ἥκω
372 1114 416 1127 -
436 1075 495 1138 nisi
524 1074 606 1137 forte
636 1074 695 1138 erit
724 1075 933 1156 acrobates1).
976 1076 1077 1158 Apud
1099 1075 1257 1152 Graecos,
1288 1087 1323 1140 ut
1350 1078 1381 1139 in
1407 1076 1540 1155 reliquis

281 1186 344 1248 iam
367 1179 585 1245 demonstravi
607 1181 721 1255 verbis,
747 1180 880 1262 vigebat
901 1183 1039 1263 genuina
1060 1183 1108 1244 vis
1130 1184 1228 1258 vocis,
1260 1203 1363 1264 neque
1386 1172 1541 1264 αἰτόχειρ

281 1291 343 1354 dici
372 1295 489 1370 potest,
520 1285 577 1348 nisi
600 1285 654 1366 qui
676 1305 711 1348 re
732 1306 808 1348 vera
833 1287 921 1367 »ipsa
943 1290 1093 1369 manum)
1115 1309 1191 1351 usus
1210 1297 1287 1354 erat.
1323 1289 1457 1351 Possum
1472 1286 1537 1348 hoc

282 1416 341 1478 per
373 1403 476 1456 totam
505 1390 721 1455 Graecitatem
749 1393 918 1473 persequi,
955 1413 1140 1476 quanquam
1170 1395 1201 1456 in
1228 1393 1369 1457 Platonis
1398 1391 1538 1456 luculen-

283 1501 406 1565 tissima
435 1496 618 1561 definitione
650 1516 690 1559 eo
720 1497 823 1577 magis
848 1498 1115 1579 acquiescendum
1144 1520 1215 1562 esse
1236 1519 1363 1573 cense0,
1386 1497 1538 1578 quoniam

284 1627 349 1670 non
377 1605 503 1686 linguae
529 1601 635 1665 solum
658 1599 801 1665 Graecae
821 1610 958 1665 testatur
987 1603 1038 1666 ille
1061 1604 1335 1682 consuetudinem,
1357 1604 1414 1667 sed
1436 1601 1540 1664 Athe·

286 1711 440 1775 niensium
485 1728 578 1771 usum
621 1709 718 1770 etiam
763 1705 923 1769 sorensem
960 1709 991 1770 in
1026 1708 1151 1791 legibus
1188 1709 1365 1788 illustram).
1422 1707 1543 1788 Neque

285 1817 370 1882 enim
397 1824 431 1877 ut
453 1811 665 1896 philosophus
694 1810 783 1893 leges
803 1831 879 1873 suas
911 1815 1109 1895 excogitavit
1142 1815 1194 1878 ille
1222 1814 1265 1878 ab
1295 1814 1382 1876 omni
1411 1822 1540 1875 terrena

284 1921 427 2002 robigine
456 1917 572 1981 liberas
601 1938 644 1980 ex
665 1916 736 1980 sola
757 1917 878 1980 aeterni
901 1917 975 1980 iuris
996 1920 1270 2003 contemplatione
1291 1919 1455 1993 deductas,
1480 1919 1539 1980 sed

285 2036 353 2090 tarn
379 2045 489 2106 presse
519 2025 549 2086 in
586 2023 647 2087 hac
684 2023 753 2106 ipsa
790 2023 899 2104 legum
935 2034 1026 2105 parte
1059 2026 1305 2089 Atheniensium
1334 2032 1461 2087 secutus
1490 2032 1542 2085 est

286 2133 436 2206 instituta,
456 2138 491 2191 ut
513 2137 655 2192 vetustas
677 2149 789 2191 eorum
810 2128 900 2208 leges
922 2130 1103 2214 sanctisque
1124 2130 1328 2212 religionibus
1350 2130 1462 2213 plenas
1484 2152 1544 2194 ex-

286 2237 396 2302 hibeat
434 2236 499 2298 fere
535 2234 675 2315 integras
713 2243 905 2296 tantumnon
941 2235 1018 2316 ipsis
1057 2237 1243 2299 iudiciorum
1281 2237 1462 2300 nominibus
1496 2238 1546 2300 in·

291 2343 443 2422 dicatis⁴).
483 2338 580 2420 Quod
602 2339 696 2420 igitur
718 2338 771 2402 ille
792 2348 957 2402 cruentam
978 2342 1120 2416 caedem,
1143 2350 1193 2404 est
1214 2342 1298 2404 enim
1315 2348 1445 2403 cruenta
1459 2358 1547 2419 quae

288 2446 373 2532 χειρὶ
395 2445 538 2520 efficitur,
568 2465 587 2506 a
609 2443 737 2526 reliquis
759 2443 965 2524 distinguit⁵),
988 2455 1116 2527 gratum
1143 2445 1219 2508 mihi
1241 2455 1291 2510 est
1313 2445 1546 2518 testimonium,

374 2637 394 2703 ¹)
415 2623 532 2702 Captavit
556 2635 603 2684 hac
627 2635 681 2698 ipsa
704 2649 730 2683 re
753 2632 856 2682 facetias
884 2632 1004 2682 Platenus
1030 2642 1115 2683 noster
1137 2635 1162 2683 in
1187 2635 1320 2684 comoedia
1346 2634 1405 2684 »der
1428 2634 1548 2698 gldseme

288 2727 427 2776 Pantoffel«
452 2727 507 2775 Act.
531 2727 543 2773 l
568 2724 611 2772 uhi
636 2721 793 2771 Carmosines
817 2721 895 2768 homo
919 2737 972 2769 non
995 2721 1082 2786 magni
1105 2722 1200 2787 ingenii
1223 2722 1288 2772 filias
1311 2737 1369 2772 suas
1391 2737 1407 2770 a
1428 2737 1488 2786 rege
1510 2720 1546 2769 ad

289 2816 379 2866 festum
402 2815 469 2865 diem
494 2812 673 2864 celebrandum
696 2811 721 2860 in
744 2809 828 2857 aulam
852 2809 977 2858 deducere
999 2810 1087 2870 iussus,
1112 2811 1230 2860 comitate
1247 2811 1314 2875 regis
1330 2809 1489 2873 munerisque
1506 2807 1548 2856 sui

291 2906 412 2970 gravitate
435 2912 522 2969 captus
546 2910 621 2965 atque
645 2899 766 2948 attonitus
783 2899 862 2947 verba
879 2897 912 2947 ad
931 2896 995 2946 filias
1016 2897 1076 2947 facit
1094 2898 1165 2948 haec.
1205 2899 1290 2960 ‘Doch
1307 2898 1380 2948 weiss
1398 2912 1458 2945 man
1475 2896 1547 2944 noch

290 2995 361 3044 nicht
378 3010 423 3043 aus
440 2993 490 3042 den
506 2990 656 3053 Zeitungen‚
674 2985 678 3051 Ι
693 2987 751 3036 dass
764 2987 828 3036 euch
842 2987 888 3035 der
899 2986 994 3051 Kartg,
1014 2986 1081 3034 mein
1093 2986 1219 3049 Gebieter,
1239 2987 1317 3036 selbst
1331 2983 1336 3053 Ι
1351 2986 1396 3034 mit
1408 2986 1546 3034 Worten

291 3080 517 3148 eigenh'andig
541 3075 712 3141 eingeladen’.
736 3101 769 3112 -
793 3075 833 3124 Ne
862 3090 922 3124 vero
946 3074 1041 3138 cogites
1067 3075 1101 3123 ad
1130 3075 1228 3124 chartas
1256 3075 1360 3140 scriptas
1383 3073 1474 3138 quibus
1497 3088 1546 3120 nos

291 3171 361 3221 citari
378 3170 487 3219 solemus
507 3167 540 3216 ad
559 3166 664 3224 festum
684 3163 741 3212 viva
759 3178 822 3212 voce
840 3179 883 3212 rex
901 3163 1050 3214 mandalum
1068 3162 1139 3212 dedit
1156 3175 1209 3211 non
1223 3163 1365 3227 epistulam.
1385 3189 1418 3198 -

377 3258 398 3324 ²)
418 3257 548 3308 Uberrime
574 3254 742 3303 disseruerunt
768 3251 800 3300 de
825 3251 876 3300 hoc
905 3251 983 3300 verbo
1009 3251 1119 3300 Morus
1147 3259 1172 3301 et
1200 3251 1382 3315 Spohnius‚
1403 3249 1436 3298 ad
1466 3251 1548 3298 Isocr.

291 3350 386 3412 Paneg.
406 3345 443 3411 (p.
461 3344 493 3406 87
512 3343 553 3392 ed.
576 3337 677 3407 Spohn)
702 3341 727 3389 in
751 3355 782 3390 eo
807 3347 906 3388 tantum
931 3338 1088 3403 corrigendi,
1117 3339 1187 3404 quod
1215 3353 1274 3386 »sua
1299 3354 1390 3388 manu«
1419 3347 1550 3388 verterunt

291 3437 318 3486 id
342 3436 411 3500 quod
434 3432 539 3482 vertitur
555 3439 622 3481 recte
637 3447 642 3479 :
657 3430 728 3494 ipsa
746 3443 849 3477 manu.

378 3522 399 3589 3)
418 3523 559 3581 Hermann,
579 3520 620 3569 De
637 3517 748 3582 vestigiis
767 3517 936 3566 institutorum
954 3523 1065 3566 veterum
1082 3514 1204 3580 imprimis
1220 3515 1362 3564 Atticorum
1382 3531 1427 3580 per
1438 3515 1554 3563 Platonis

292 3614 317 3666 d.
335 3613 386 3677 leg.
403 3612 481 3661 libros
499 3608 650 3674 indagandis
668 3603 812 3671 (praecipue
829 3620 885 3669 cap.
903 3603 946 3669 V).

378 3700 400 3766 ⁴)
420 3700 522 3764 Spectat
541 3698 574 3747 ad
597 3699 748 3760 Prytaneum
765 3695 804 3743 IX
823 3693 899 3756 873e
918 3690 963 3758 (ad
981 3693 1100 3742 Phreatto
1115 3692 1154 3741 IX
1165 3690 1216 3741 866
1229 3706 1252 3751 c,
1267 3690 1296 3756 d)
1314 3691 1348 3740 ad
1366 3691 1550 3756 Delphinium:

293 3791 342 3855 8⁶5
361 3791 378 3839 b
395 3787 465 3841 κατὰ
484 3783 533 3839 τὸν
550 3786 580 3839 ἐκ
597 3784 718 3856 Δελφῶν
735 3785 907 3853 κομισθέντα
924 3773 1021 3850 νόμον.

380 3877 402 3943 5)
421 3877 508 3925 Liceat
526 3875 587 3923 mihi
605 3890 707 3924 monere
725 3873 796 3938 quod
813 3871 921 3921 eandem
933 3869 1093 3934 partitionem
1104 3868 1215 3918 invenies
1228 3869 1297 3933 apud
1313 3869 1444 3917 Philonem
1456 3868 1553 3918 Iud.II

297 3981 348 4031 314
364 3968 405 4015 M:
432 3957 482 4017 ἐάν
500 3981 541 4022 τις
563 3963 778 4028 ἒπανατελνηται
801 3961 881 4030 ξίφος
898 3953 960 4010 ὥστ’
978 3954 1142 4010 ἀποκτεῖναι
1164 3958 1212 4008 καλ
1231 3948 1266 4008 ἂν
1283 3950 1323 4026 μὴ
1345 3950 1435 4024 ἀνέλῃ,
1455 3952 1552 4022 ἔνοχος

296 4057 380 4119 ἔσται,
398 4056 559 4123 προαιρέσει
580 4046 700 4119 χεχονεές
721 4043 906 4120 ἀνδροφόνος,
924 4048 949 4100 εἰ
965 4039 1062 4117 καὶμὴ
1080 4043 1112 4097 τὸ
1131 4047 1208 4103 τέλος
1225 4044 1257 4116 τῇ
1273 4039 1370 4115 γνώμῃ
1386 4042 1553 4112 συνέδραμε.

300 4139 340 4197 Tri
364 4143 397 4196 δὲ
421 4138 493 4194 αὐτὰ
515 4143 654 4206 πασχέτω,
678 4142 725 4191 καὶ
743 4135 779 4191 ἂν
797 4136 848 4189 σὺν
865 4140 946 4207 τέχνῃ
966 4153 1008 4194 τις
1026 4134 1055 4194 l}
1070 4132 1182 4206 ἐνέδρας
1200 4128 1234 4184 οδ
1252 4132 1366 4205 θαρρῶν
1383 4123 1554 4200 ἄντικρυς

298 4233 449 4301 ἐπιχειρεῖν
481 4225 645 4296 βουλεύηται
671 4229 719 4279 καὶ
740 4227 902 4298 μηχανᾶται
919 4223 1038 4293 δολερῶς
1054 4217 1104 4275 τὸν
1122 4218 1225 4292 φόνον·
1245 4220 1346 4290 ἐναγὴς
1362 4218 1418 4292 γὰρ
1436 4221 1483 4271 καλ
1502 4202 1553 4270 οὗ·

298 4340 353 4380 τος,
384 4323 409 4373 ελ
434 4322 481 4372 καὶ
503 4315 587 4389 μήπω
615 4321 690 4377 ταῖς
715 4317 843 4385 χερσλν
866 4308 935 4366 ἀλλά
959 4330 1002 4364 τοι
1026 4313 1060 4385 τῇ
1084 4312 1162 4384 ψυχῇ
1180 4313 1358 4375 καθέστηκεν.
1392 4308 1470 4374 Apud
1493 4323 1553 4356 eum

298 4425 400 4476 quoque
406 4411 482 4476 χειρὶ
494 4436 526 4445 -
539 4402 681 4473 βουλεύειν
693 4403 822 4454 antithesis
833 4404 885 4452 vim
896 4403 974 4453 habet
985 4403 1064 4452 hanc:
1085 4401 1218 4450 manifesta
1230 4401 1319 4450 caedes
1330 4424 1365 4434 -
1376 4414 1429 4447 non
1442 4403 1555 4455 cruenta,

297 4499 427 4549 insidiosa.
456 4496 534 4547 Attici
552 4511 611 4546 usus
628 4494 733 4544 sorensis
751 4509 804 4542 non
821 4508 924 4559 prorsus
940 4491 1039 4540 videtur
1056 4489 1130 4540 Philo
1148 4489 1217 4538 rudis
1228 4489 1317 4547 fuisse;
1340 4485 1473 4538 terminum
1484 4483 1553 4534 enim
