3350 5284
617 489 830 552 „29-

98 641 197 704 verba
223 639 395 723 »ἐξέβαλεν
417 633 437 728 ἡ
459 641 560 728 βουλὴ
582 635 601 730 ἡ
625 639 663 723 ἐξ
674 633 802 725 Ἀρείου
824 643 965 725 πάγοοι,
992 641 1096 703 »exilii
1119 641 1289 705 damnatus
1305 649 1356 703 est

98 747 128 808 in
158 746 369 829 Areopago«.
414 745 463 809 At
492 749 630 829 primum
660 747 799 828 quidem,
831 768 914 829 quae
940 747 1021 810 haec
1051 756 1099 809 est
1129 747 1160 810 in
1182 745 1358 809 homicidio

97 872 204 932 poena
247 852 308 914 »de
348 852 486 933 collegio
528 852 691 916 moverit?
728 853 853 928 deinde,
894 853 977 915 unde
1018 861 1221 934 compertum
1258 850 1358 914 habet

98 955 243 1038 Philippi,
277 956 514 1038 Areopagitam
548 958 723 1021 sacerdotis
745 967 871 1039 patrem
900 957 1005 1032 fuisse,
1040 967 1074 1020 ut
1105 977 1167 1039 pro
1202 976 1307 1039 poena
1339 977 1358 1018 e

99 1061 237 1143 collegio
261 1062 383 1125 moveri
406 1062 569 1144 potuerit?
591 1062 717 1136 Tertio,
741 1064 818 1143 quid
841 1063 993 1145 exemplo
1016 1064 1079 1125 hoc
1101 1060 1272 1124 effecturus
1288 1069 1358 1123 erat

101 1166 211 1229 actor?
248 1187 326 1229 num
356 1165 526 1230 Cononem
554 1168 667 1242 etiam,
698 1187 796 1249 quem
825 1169 1027 1251 persequitur
1057 1167 1274 1239 accusatione,
1312 1186 1357 1228 ex

100 1272 311 1354 Areopagitis
351 1273 540 1335 eiiciendum
578 1273 688 1336 curat?
732 1274 822 1353 quasi
867 1273 981 1337 Conon
1023 1282 1108 1335 esset
1138 1271 1357 1353 Areopagital

101 1375 297 1459 Quanquam
334 1375 397 1440 hoc
437 1386 593 1458 quantum
630 1379 763 1455 laboret,
801 1379 994 1461 Phiiippium
1027 1399 1092 1441 non
1125 1377 1204 1458 sugit
1235 1377 1358 1458 ipsum;

99 1482 254 1544 docemur
281 1483 377 1563 igitur
406 1483 448 1546 ab
478 1504 528 1558 eo,
558 1492 703 1547 actorem
731 1487 878 1567 decipere
907 1485 1047 1547 voluisse
1074 1483 1254 1559 audientes;
1285 1501 1360 1545 cum

101 1588 186 1648 enim
216 1588 360 1650 dicturus
390 1599 490 1652 esset:
526 1609 586 1651 »ex
607 1590 881 1673 Areopagitarum
904 1589 1042 1671 collegio
1064 1589 1183 1651 eiectus
1198 1596 1265 1650 est«
1283 1585 1360 1648 talia

101 1692 197 1774 elegit
219 1693 328 1768 verba,
353 1713 436 1773 quae
457 1695 502 1757 ita
523 1696 631 1777 potius
653 1696 928 1776 intellegerentur:
963 1694 1021 1758 »ab
1044 1693 1252 1776 Areopagitis
1275 1690 1359 1754 exilii

101 1798 273 1861 damnatus
306 1807 392 1876 est‹;
429 1799 536 1880 itaque
569 1809 712 1864 actorem
739 1805 924 1883 captatione
957 1822 1050 1864 usum
1078 1819 1150 1862 esse
1184 1796 1359 1861 dialectica.

102 1900 299 1983 Quanquam
327 1923 442 1966 vereor
474 1924 514 1967 ne
548 1927 606 1968 nos
639 1907 769 1989 quidem
802 1917 945 1970 actorem
978 1906 1115 1988 simplici
1145 1911 1252 1967 mente
1284 1921 1361 1964 vera

102 2008 274 2089 protulisse
310 2029 514 2085 censeamus,
548 2015 730 2094 captatione
765 2013 931 2076 dialectica
962 2013 1019 2093 ipsi
1051 2009 1210 2092 Philippio
1243 2006 1360 2069 relicta.

101 2113 216 2194 Neque
238 2114 324 2176 enim
340 2115 490 2196 equidem
506 2117 611 2194 video,
628 2119 794 2199 quomodo
810 2119 897 2201 apud
913 2118 1126 2199 Areopagum
1142 2135 1207 2177 non
1221 2112 1362 2196 potuerit

103 2239 174 2281 reus
199 2217 276 2294 fieri,
299 2219 354 2301 qui
376 2221 524 2285 consulto
547 2224 589 2285 ad
610 2226 743 2288 caedem
764 2224 900 2287 alterum
923 2221 1108 2286 incitaverit.
1147 2239 1150 2247 ·

188 2324 304 2406 Neque
327 2327 431 2390 minus
454 2327 649 2392 luculentum
671 2330 807 2394 alterum
830 2339 879 2393 est
900 2327 1119 2393 testimonium
1141 2326 1220 2405 Lys.
1241 2339 1287 2398 10,
1305 2338 1361 2402 31:

103 2426 208 2492 Actor
238 2429 375 2493 enarrat'
394 2435 494 2513 patris
522 2444 659 2497 mortem
681 2430 913 2500 vindicaturum
943 2454 1016 2496 reos
1038 2453 1073 2495 se
1096 2430 1208 2493 secisse
1233 2430 1364 2510 triginta

105 2534 199 2597 viros
243 2528 474 2617 βουλεύσαντες
495 2540 642 2603 nimirum
664 2562 729 2605 non
751 2539 837 2624 χειρί
859 2542 992 2604 caedem
1011 2537 1184 2601 effecerant
1193 2537 1232 2615 ι);
1257 2551 1362 2612 neque

105 2648 139 2701 ut
177 2641 295 2722 opinor
333 2642 542 2707 involuntarie
577 2649 634 2709 sed
664 2649 811 2712 consulto
835 2669 841 2710 :
865 2667 944 2728 ergo
975 2645 1059 2708 actio
1092 2644 1123 2705 in
1151 2640 1363 2720 Areopagum

106 2755 173 2807 erat
204 2745 394 2824 deferenda;
434 2751 522 2829 quod
557 2770 591 2813 re
619 2773 694 2815 vera
723 2775 758 2818 se
787 2753 899 2816 secisse
926 2751 1002 2814 dicit
1035 2759 1141 2812 actor:
1176 2742 1363 2829 ἐπεξῆλθον

106 2852 179 2927 ῑθῖς
209 2849 385 2935 τριάκονεα
415 2849 450 2918 ἐν
470 2847 589 2942 Ἀρείῳ
618 2851 733 2944 πάγῳλ
772 2857 858 2940 Quid
885 2867 998 2921 contra
1026 2854 1106 2917 haec
1134 2848 1290 2932 Philippi?
1314 2869 1364 2912 ne

106 2966 240 3019 conatus
272 2959 401 3040 quidem
431 2958 494 3022 hoc
524 2960 661 3026 refutare
690 2965 932 3046 tergiversatur;
967 2961 1146 3043 suspicatur
1169 2955 1366 3018 intulisse

107 3061 239 3139 quidem
261 3074 404 3127 actorem
423 3067 581 3130 actionem
604 3069 636 3131 in
656 3070 835 3153 Areopago
859 3107 897 3117 -
922 3087 986 3131 non
1006 3086 1084 3128 vero
1106 3072 1274 3144 acceptam
1294 3080 1364 3123 esse

106 3185 180 3229 eam
207 3188 338 3231 causam
368 3192 387 3233 a
416 3172 571 3237 iudicibus
600 3177 643 3258 (p.
676 3189 716 3254 50
744 3177 849 3256 nota):
884 3195 936 3237 ser
964 3174 1049 3234 kann
1079 3189 1192 3251 wegen
1217 3165 1366 3229 Nichtzu·

109 3273 308 3355 standigkeit
339 3277 396 3338 des
425 3278 583 3361 Areopag
609 3281 810 3359 abgewiesen
841 3281 916 3355 sein,
946 3299 1011 3341 was
1038 3281 1147 3358 spater
1176 3295 1214 3335 zu
1237 3270 1365 3333 melden

109 3376 266 3440 natiirlich
303 3380 390 3444 nicht
423 3383 453 3444 in
488 3385 609 3447 seinem
641 3387 799 3450 interesse
833 3386 923 3467 lag«l
960 3419 1000 3429 —
1034 3382 1108 3444 Hoc
1145 3386 1365 3441 commentum

108 3484 218 3545 nescio
247 3505 288 3546 an
319 3489 435 3550 nemini
458 3489 601 3570 placeat;
631 3490 751 3555 facilius
773 3501 842 3555 erat
864 3488 1017 3572 suspicari
1039 3488 1123 3549 hunc
1146 3503 1275 3565 quoque
1298 3499 1365 3542 ora·

107 3594 214 3650 torem
236 3592 420 3672 captatione
440 3594 547 3677 aliqua
569 3616 671 3672 usum,
694 3598 756 3661 alia
778 3608 876 3680 atque
899 3595 1024 3670 dixerit,
1047 3613 1081 3655 re
1103 3611 1179 3653 vera
1201 3586 1336 3651 dixisset

195 3692 353 3759 Venimus
383 3699 424 3761 ad
452 3721 524 3763 eam
554 3724 637 3766 nunc
664 3704 853 3777 orationem,
884 3721 947 3782 qua
977 3699 1179 3782 potissimum
1209 3692 1367 3755 adductus

109 3807 157 3860 est
188 3798 325 3883 Philippi
356 3813 390 3867 ut
418 3826 531 3869 omnes
558 3803 758 3892 βουλεύσεως
785 3810 928 3871 actiones
947 3804 1091 3867 Palladio
1120 3800 1180 3865 soli
1201 3799 1366 3873 tribueret,

109 3903 150 3964 ad
171 3903 385 3988 Antiphontis
407 3913 585 3976 orationem
607 3914 631 3978 1.

117 4050 323 4063 ᾖ

110 4127 182 4178 Din.
205 4141 227 4188 1,
250 4130 277 4182 6:
298 4132 421 4198 ἐκβαλεῖν
440 4134 631 4204 (Areopagitas)
651 4130 667 4206 ἣ
687 4118 801 4205 θανοῖτῳ
813 4136 947 4206 ζημιῶσαι
958 4133 1020 4182 ibid.
1036 4128 1053 4196 ἓ
1066 4127 1099 4178 28
1112 4165 1118 4179 ·
1132 4167 1138 4180 ·
1152 4165 1158 4179 ·
1173 4121 1213 4178 δι’
1233 4117 1268 4189 ἣν
1282 4122 1327 4188 (50·
1343 4140 1366 4173 ¹·

111 4209 233 4285 εῙρῆλην)
253 4255 260 4268 ·
278 4255 285 4270 ·
303 4257 310 4271 ·
330 4217 407 4291 ὑμεῖς
425 4227 532 4281 ἐκεῖνον
550 4222 689 4293 ἐξεβάλετε
707 4227 761 4291 (cfr.
780 4223 797 4291 ἐ
818 4224 877 4290 29);
903 4224 935 4273 de
957 4228 1102 4271 accusatore
1119 4217 1179 4302 Diu.
1198 4214 1270 4278 163,
1292 4212 1367 4270 alibi3

113 4303 157 4353 cir.
180 4306 291 4374 Philippi
308 4313 354 4361 Ar.
374 4330 398 4364 u.
418 4315 484 4381 Eph.
503 4335 529 4383 p.
547 4316 580 4378 48
598 4317 657 4367 adn.
680 4329 721 4380 70,
743 4328 784 4379 71.
823 4315 895 4364 Idem
918 4319 955 4362 est
978 4325 1037 4359 usus
1054 4307 1124 4357 verbi
1147 4300 1320 4358 ἀποκτείνειν
1344 4308 1370 4350 et

112 4391 144 4441 de
161 4394 245 4445 iudice
263 4406 288 4447 et
305 4400 337 4449 de
356 4413 509 4456 accusatore.
529 4435 563 4444 -

200 4483 220 4549 ¹)
238 4487 407 4555 Frohberger,
428 4493 515 4558 Lysias
534 4496 574 4546 ed.
596 4509 605 4544 1
627 4512 652 4561 p.
670 4507 701 4548 21
721 4501 783 4542 nota
801 4493 842 4541 60.
