3350 5284
908 459 1095 503 ..2-

374 612 466 674 unius
497 612 635 674 criminis
663 613 728 675 duo
750 621 823 675 sunt
845 621 1003 690 auctoreS,
1026 633 1163 693 quorum
1186 627 1320 693 uterque
1341 616 1372 677 in
1394 617 1442 678 ius
1463 615 1607 676 vocandi

374 719 464 800 est1).
513 715 597 780 Satis
628 727 736 779 autem
767 718 911 780 miranda
939 718 1019 780 haec
1046 711 1245 800 βουλεύσεως
1277 720 1421 782 videatur
1454 721 1557 796 actio;
1591 740 1607 781 a

372 825 471 887 talem
495 823 578 885 enim
601 823 729 905 respicit
751 843 871 896 casum,
903 823 957 902 qui
979 832 1113 903 propter
1133 823 1295 886 raritatem
1317 825 1447 907 propria
1469 825 1543 906 lege
1567 846 1607 886 nc

372 930 456 993 solet
485 929 589 992 caveri
612 929 670 990 nisi
692 929 723 989 in
746 929 882 1003 civitate,
914 948 995 1007 quae
1017 938 1093 1008 post
1115 930 1247 1010 longam
1267 929 1341 992 iuris
1362 931 1607 993 exercitationer

372 1035 598 1114 variorumque
636 1054 768 1096 casuum
809 1034 1025 1114 cognitionem
1069 1027 1291 1113 singularibus*
1325 1035 1389 1096 iam
1436 1033 1607 1098 facinoribr

374 1151 471 1222 atque
494 1161 514 1202 a
536 1139 658 1220 vulgari
682 1138 910 1201 consuetudine
933 1139 1064 1200 remotis
1085 1139 1285 1219 praeviderit.

459 1247 598 1308 Romani
620 1254 705 1307 certe
728 1265 800 1307 sero
822 1245 953 1306 demum
975 1243 1121 1306 adhunc
1144 1265 1253 1306 casum
1277 1254 1496 1324 respexerunt.
1540 1245 1607 1306 Ant

373 1353 444 1431 quis
465 1350 665 1430 temporibus
688 1352 754 1412 eius
776 1350 933 1411 rationem
954 1369 1017 1411 non
1040 1350 1263 1431 habuerunt2);
1288 1369 1393 1429 neque
1415 1351 1446 1411 in
1468 1351 1607 1431 regiarur

374 1457 482 1538 legum
512 1455 650 1535 reliquiis
673 1475 776 1540 neque
798 1456 830 1516 in
851 1456 1019 1517 duodecim
1040 1455 1157 1518 tabulis
1180 1455 1279 1517 ullum
1301 1456 1369 1518 eius
1391 1456 1436 1518 rei
1456 1455 1607 1534 vestigiur

374 1569 497 1637 exstat;
522 1569 597 1641 post
620 1561 824 1641 quaestiones
845 1569 1018 1640 perpetuas
1039 1561 1197 1622 institutas
1219 1562 1350 1623 demum
1372 1562 1476 1623 edicta
1492 1560 1607 1622 fortass

373 1668 404 1729 in
433 1667 518 1729 hunc
546 1685 675 1746 quoque
705 1686 813 1727 casum
844 1667 1149 1742 animadverterunt;
1181 1667 1402 1729 mandatorem
1432 1668 1517 1729 enim
1540 1686 1607 1748 spe·

372 1780 443 1835 tant
475 1771 631 1833 formulae
662 1769 935 1852 frequentissimae
969 1772 1076 1833 »cuius
1105 1782 1201 1852 opera
1230 1772 1363 1833 consilto
1392 1774 1497 1835 malo«
1533 1772 1585 1854 (L.

373 1879 394 1955 ξ
422 1893 432 1936 1
465 1875 541 1956 Dig.
571 1877 613 1938 ad
635 1875 655 1937 l.
675 1876 732 1956 Jul.
757 1875 913 1942 maiestat.
936 1877 986 1951 48,
1010 1877 1053 1956 4),
1088 1878 1163 1958 »qui
1189 1878 1338 1939 iusserit«
1372 1878 1419 1959 (L.
1444 1893 1462 1958 7
1486 1878 1562 1955 Dig.
1587 1898 1607 1938 a

345 2035 346 2038 ,
373 1981 394 2044 l.
419 1980 480 2062 Jul.
510 1982 541 2042 d.
571 1981 602 2041 vi
631 1981 719 2060 publ.
742 1982 793 2056 48,
813 1981 855 2061 6),
889 1983 1062 2043 »mandatu
1092 1984 1243 2045 alicuius«
1279 1982 1327 2062 (L.
1355 1999 1387 2043 [Ι
1415 1986 1435 2063 ξ
1458 1999 1475 2061 3
1498 1982 1607 2064 Dig.‹

373 2087 461 2148 iniur.
495 2095 526 2148 et
556 2084 631 2150 fam.
660 2085 712 2148 lib.
742 2101 794 2166 47,
829 2089 890 2166 10),
924 2087 999 2168 »qui
1026 2089 1166 2149 curavit«
1195 2088 1246 2169 (L.
1269 2089 1290 2149 6
1313 2092 1333 2167 ξ
1355 2107 1376 2164 4
1397 2087 1473 2169 Dig.
1497 2089 1528 2149 d.
1553 2088 1607 2149 bor

373 2192 516 2254 damnat.
540 2193 591 2268 48,
617 2191 681 2271 20).
726 2189 810 2252 Sane
840 2191 881 2252 ad
910 2192 1130 2254 mandatorem
1154 2194 1319 2272 respicitur
1339 2193 1388 2256 his
1410 2192 1571 2268 formulis3
1596 2214 1607 2253 ε

373 2317 503 2376 semper
533 2298 592 2358 erit
614 2297 797 2369 tenendum,
821 2296 910 2377 leges
931 2296 1000 2358 illas
1022 2317 1080 2379 per
1101 2297 1396 2361 iurisconsultorum
1418 2300 1522 2362 studia
1546 2309 1607 2360 tra(

362 2387 466 2465 'nobis
488 2402 574 2462 varie
597 2402 659 2462 iam
682 2399 816 2463 inflexas
837 2411 934 2482 atque
959 2411 1106 2463 mutatas.
1148 2403 1237 2483 Ergo
1258 2403 1289 2465 in
1310 2404 1408 2466 dubio
1430 2414 1489 2478 est,
1521 2414 1607 2466 utrur

373 2507 415 2569 ab
442 2506 512 2568 illis
549 2506 676 2568 additae
711 2509 773 2569 sint
804 2527 861 2568 eae
894 2505 1049 2568 formulae
1086 2527 1125 2568 an
1162 2506 1276 2569 suerint
1312 2509 1375 2570 iam
1412 2511 1605 2588 antiquitus3

373 2613 507 2676 Etiamsi
551 2621 658 2673 autem
701 2614 857 2693 genuinae
894 2632 964 2674 esse
1001 2614 1232 2682 conceduntur,
1281 2624 1389 2675 tamen
1424 2614 1486 2676 hoc
1528 2634 1606 2675 unur

372 2719 603 2791 demonstrant,
633 2717 715 2779 hanc
735 2718 795 2780 -vel
824 2717 910 2778 illam
941 2717 1046 2798 legem
1076 2718 1138 2780 iam
1168 2738 1295 2781 curasse
1325 2721 1564 2792 mandatorem3
1594 2721 1604 2780 i

374 2822 556 2884 universum
586 2843 651 2884 non
679 2824 826 2884 distincta
854 2831 927 2883 sunt
949 2843 967 2884 a
991 2822 1118 2902 reliquis
1141 2843 1179 2885 ea
1202 2824 1331 2884 crimina
1354 2843 1437 2903 quae
1459 2825 1500 2886 ab
1523 2825 1603 2885 aiter

374 2928 521 2989 incitatus
545 2929 616 3007 quis
635 2928 869 3008 commiserit4).
911 2925 1009 3007 Quod
1030 2928 1170 3008 quidem,
1194 2948 1377 3009 quanquam
1398 2929 1429 2989 in
1444 2938 1602 2991 transcurs

373 3034 569 3096 monendum
592 3033 668 3096 mihi
691 3042 768 3106 erat,
792 3053 829 3094 ac
852 3033 958 3094 nescio
981 3052 1021 3093 an
1043 3032 1104 3095 hac
1127 3034 1189 3094 iam
1211 3035 1463 3096 consideratione
1486 3036 1600 3116 suspici

373 3148 482 3202 nostra
505 3139 619 3200 merito
640 3148 822 3212 moveatur;
846 3139 900 3198 vix
918 3137 1001 3199 enim
1017 3139 1161 3200 videatur
1174 3138 1343 3200 verisimile
1358 3138 1497 3201 Athenis
1513 3141 1602 3220 quint

372 3247 436 3308 iam
458 3245 587 3307 saeculo
616 3245 778 3325 propriam
807 3242 913 3322 legem
935 3251 1087 3304 statutam
1110 3263 1180 3305 esse
1203 3244 1234 3304 in
1256 3245 1353 3305 talem
1376 3265 1495 3319 casum,
1528 3264 1605 3326 quer

373 3352 513 3413 Romani
535 3351 653 3432 passim
675 3359 800 3412 tantum
822 3359 919 3429 atque
941 3369 1013 3411 sero
1036 3348 1336 3414 animadverterunt.

457 3456 526 3518 Iam
556 3457 596 3517 ad
618 3457 721 3537 ipsam
744 3475 811 3517 rem
835 3456 969 3535 regressi
991 3455 1021 3515 in
1046 3453 1177 3535 vulgata
1200 3454 1349 3532 opinione
1371 3452 1534 3517 reserenda
1556 3476 1604 3536 per

373 3581 502 3643 gamus:
536 3560 668 3640 Duplex
688 3560 786 3641 vulgo
816 3569 947 3641 putatur
974 3554 1162 3643 βούλευσις,·
1190 3578 1263 3620 cum
1293 3559 1387 3637 enim,
1411 3561 1498 3638 quod
1528 3581 1604 3622 nem·

374 3668 484 3742 nescit,
510 3667 576 3728 duo
606 3665 668 3727 sint
698 3664 835 3727 Athenis
866 3664 1011 3726 caedium
1040 3685 1159 3744 genera
1188 3673 1306 3726 statuta
1338 3659 1450 3750 (φόνος
1479 3658 1603 3729 {notato

460 3919 480 3984 ¹)
500 3920 573 3978 Geib,
600 3917 736 3967 Strafrecht
755 3933 779 3980 p.
799 3929 850 3980 320
867 3931 906 3980 sq.
925 3942 959 3950 —
977 3915 1078 3979 Abegg,
1106 3916 1200 3964 Archiv
1219 3917 1244 3965 d.
1263 3917 1384 3966 crim-R.
1411 3917 1483 3977 1841,
1507 3935 1532 3981 p.
1557 3917 1603 3981 396

373 4011 462 4058 Anton
479 4010 568 4066 Bauer,
589 4007 657 4056 Abh.
678 4022 722 4055 aus
740 4007 764 4056 d.
784 4004 872 4054 Strafr.
893 4006 904 4052 1
923 4021 948 4068 p.
966 4016 1023 4066 430.

459 4097 481 4162 ²)
500 4099 650 4154 Mommsen,
667 4095 741 4143 Rom.
761 4093 854 4142 Gesch.
872 4093 912 4141 ed.
933 4104 963 4152 7.,
987 4092 1033 4140 Bd.
1052 4093 1064 4139 Ι
1086 4092 1140 4152 148.

459 4184 480 4250 3)
498 4185 584 4236 Sanio.
601 4185 634 4232 ad
652 4185 702 4247 leg.
720 4183 820 4232 Cornel.
838 4183 865 4230 d.
885 4182 954 4232 sicar.
973 4188 997 4228 et
1014 4180 1098 4229 venef.
1120 4183 1131 4229 Ι
1150 4198 1174 4245 p.
1193 4182 1254 4229 VII.

458 4272 480 4338 ⁴)
500 4273 574 4332 Rein,
600 4273 676 4321 Rom.
703 4271 874 4321 Crim-Recht
898 4286 924 4333 p.
948 4268 1007 4330 185:
1044 4268 1125 4316 Einen
1151 4269 1318 4331 'allgemeinen
1342 4270 1483 4318 Grundsatz
1506 4271 1555 4318 und
1577 4272 1602 4319 ei:

371 4362 595 4427 durchgreisendes
620 4361 719 4425 Princip
747 4362 809 4408 tiber
837 4359 877 4406 die
904 4356 1070 4406 Strasbarkeit
1096 4357 1141 4405 des
1166 4357 1274 4406 Theters
1301 4358 1354 4405 und
1376 4358 1422 4406 der
1447 4359 1537 4406 andern
1561 4359 1601 4406 Mu

372 4451 519 4501 wirkenden
537 4450 607 4498 hatte
624 4450 669 4498 das
686 4449 761 4497 Rom.
780 4448 864 4496 Recht
880 4446 957 4494 nicht.
