3350 5284
813 444 1005 504 -3-

280 614 446 678 lucremur.
492 611 529 673 Id
557 611 662 675 solum
691 613 798 687 miror,
828 614 917 693 quod
946 633 986 674 ne
1016 633 1097 675 unus
1128 613 1258 694 quidem
1291 633 1310 676 e
1341 620 1431 676 tanta
1458 613 1536 675 mul-

280 716 423 790 titudine,
453 725 609 795 quantum
639 717 805 781 dissentiat
832 718 874 782 ab
902 717 1159 801 Harpocratione
1180 719 1352 796 notaverit3
1375 720 1535 781 immerito

281 821 366 883 enim
389 820 524 884 fortasse
546 823 578 885 in
601 823 815 903 suspicionem
834 824 972 886 incidere
993 831 1139 905 possunt,
1163 825 1251 905 quasi
1270 823 1400 887 omnino
1418 823 1450 886 id
1466 815 1536 886 'non

281 927 569 990 animadverterint.

364 1051 457 1114 Nunc
494 1070 555 1131 age
591 1049 759 1131 limpidum
790 1051 930 1127 iontem,
968 1075 1011 1116 ex
1046 1074 1112 1134 quo
1141 1054 1315 1116 hausemnt
1347 1051 1406 1127 illi,
1444 1053 1535 1116 adea-

280 1175 382 1218 mus:
406 1165 550 1219 oratores
582 1155 707 1222 atticos,
755 1156 858 1221 Caute
888 1178 967 1221 vero
996 1179 1056 1220 nec
1084 1167 1205 1222 temere
1236 1178 1304 1220 rem
1333 1157 1537 1221 moderemur

280 1281 411 1324 necesse
433 1270 491 1336 est,
513 1280 587 1322 cum
609 1260 641 1322 in
662 1261 769 1325 subtili
792 1263 972 1326 discrimine
993 1284 1166 1326 versemur.

366 1379 545 1462 Βούλευσις
573 1405 672 1465 quam
701 1389 884 1468 quaerimus
906 1389 976 1470 ipsa
998 1389 1084 1470 apud
1107 1396 1249 1452 oratores
1271 1408 1429 1468 nusquam
1451 1409 1535 1452 com-

281 1501 486 1568 memoratur,
520 1491 706 1572 saepissime
738 1503 848 1557 autem
881 1495 1019 1557 occurrit
1049 1492 1183 1556 verbum
1217 1487 1391 1575 βουλεύειν.
1446 1493 1535 1575 Ergo

282 1589 482 1677 βουλεύσεως
511 1603 671 1664 actionem
699 1620 782 1663 nunc
805 1600 936 1680 quidem
965 1600 1129 1673 mittimus,
1154 1598 1282 1661 redituri
1304 1601 1345 1662 ad
1368 1619 1441 1662 eam
1463 1618 1538 1661 cum

281 1702 322 1764 de
349 1703 450 1766 verbo
479 1704 628 1769 iudicium
658 1705 851 1783 constiterit3
879 1705 911 1766 in
932 1705 1025 1767 huius
1048 1712 1135 1768 recta
1157 1703 1417 1785 interpretatione
1438 1704 1535 1767 totius

281 1809 476 1888 quaestionis
497 1820 642 1873 versatur
662 1813 770 1875 cardo.

366 1933 418 1996 De
441 1937 586 2000 universa
607 1937 689 2000 illius
711 1936 843 1999 notione
863 1954 929 1997 non
951 1934 1129 2012 dubitatur;
1154 1944 1187 1997 et
1201 1933 1340 2016 simplex
1353 1932 1488 1996 verbum
1504 1943 1536 1996 et

283 2040 499 2120 compositum
529 2035 767 2126 ἐπιβουλεύειν
783 2039 985 2122 significant:
1002 2039 1135 2102 consilio
1165 2039 1284 2118 aliquid
1314 2039 1434 2113 moliri,
1473 2060 1536 2102 ma-

282 2142 410 2211 chinari.
444 2145 579 2229 Antiph.
596 2147 685 2210 126:
708 2148 727 2227 ἡ
749 2140 892 2229 μὲνγὰρ
915 2138 1072 2221 ἑκουσίως
1093 2141 1150 2207 καί
1172 2138 1377 2226 βουλιύσασα
1397 2137 1453 2210 τὸν
1474 2141 1536 2208 θά-

281 2270 378 2314 υατον
391 2303 398 2316 .
411 2301 416 2313 .
431 2299 457 2333 .,
481 2244 498 2317 ὃ
521 2243 553 2316 δ’
579 2248 742 2330 ἀκουσίως
762 2249 821 2317 καί
845 2246 967 2333 βιαίως
990 2241 1158 2313 ἀπέθανε·
1181 2255 1211 2313 Γ
1221 2256 1287 2336 β.7
1309 2250 1451 2335 καθαρῷ
1477 2247 1538 2331 μέν

281 2376 340 2433 μοι
375 2355 433 2441 τῆς
468 2353 579 2436 αἰτίας
611 2349 679 2423 ἀντι
718 2350 819 2443 φόνον
860 2347 1127 2437 ἐπιβουλεύοντες
1150 2405 1156 2418 .
1181 2406 1187 2418 .
1213 2405 1219 2419 .
1250 2356 1329 2440 περί
1369 2349 1424 2420 τὸν
1459 2350 1537 2420 θεὸν

284 2449 467 2542 ἀσεβοῦσιν.
504 2463 577 2525 Din.
594 2463 608 2525 I
625 2479 681 2543 30:
706 2455 764 2528 ούκ
786 2457 834 2539 είς
854 2459 914 2542 μὲν
934 2457 991 2544 τὴν
1004 2450 1220 2542 Ἀριστάρχου
1244 2454 1354 2523 οὶκίαν
1375 2453 1537 2524 είσείβιύν

283 2560 462 2644 βουλεύσας
482 2563 553 2646 μετ’
579 2565 702 2633 ἐκείνου
725 2560 781 2631 τὸν
803 2563 985 2651 Νικοδήμῳ
999 2557 1147 2630 θάνατον
1161 2562 1470 2629 κατασκευασθέντα
1486 2618 1493 2634 .
1508 2616 1535 2632 ..

284 2663 420 2751 ἐξέβαλε
441 2667 496 2735 τὸν
510 2665 723 2756 Ἀρίσταρχον
743 2669 804 2736 ἀντί
825 2674 899 2750 ταῖς
921 2665 1109 2752 αἰσχίσταις
1131 2665 1271 2747 αἰτίαις;

366 2796 419 2857 Ex
430 2797 491 2859 hac
502 2797 642 2878 generali
654 2798 685 2859 vi
696 2797 852 2878 speciales
864 2797 1024 2875 quaedam
1036 2797 1179 2858 oriuntur
1189 2796 1337 2858 notiones
1348 2816 1431 2877 quae
1446 2795 1536 2859 facile

282 2912 520 2982 cognoscuntur
530 2924 573 2965 ex
585 2902 742 2966 antithesi.
765 2901 878 2982 Atque
889 2901 1029 2982 primum
1041 2901 1171 2982 quidem
1183 2901 1236 2981 qui
1250 2921 1296 2962 cu
1305 2921 1338 2962 m
1353 2902 1506 2963 consili
1516 2922 1537 2964 o

283 3007 351 3086 agit
359 3001 563 3090 (βουλεύσας)
572 3009 746 3090 opponitur
757 3007 785 3070 ei
793 3007 848 3087 qui
859 3006 1122 3088 imprudenter
1135 3005 1254 3087 aliquid
1261 3004 1336 3069 facit
1343 3007 1411 3069 sine
1418 3005 1536 3087 dolo¹);

368 3268 389 3335 ¹)
408 3271 600 3320 Usitatissimum
619 3276 657 3318 est
674 3271 778 3319 verbum
795 3261 921 3334 βουλεύω
943 3265 1017 3332 irrep.
1042 3267 1068 3316 in
1093 3267 1170 3316 caede
1187 3267 1342 3327 voluntaria,
1367 3284 1476 3333 namque
1494 3270 1537 3334 qui

283 3372 340 3406 cum
364 3359 469 3409 consilio
493 3359 609 3408 interficit
633 3352 724 3427 φόνον
745 3353 875 3410 ἑκούσιον
892 3356 1039 3414 committit;
1064 3355 1100 3404 ita
1117 3356 1205 3405 dolum
1224 3357 1319 3405 malum
1335 3357 1430 3406 indicat
1447 3358 1537 3406 eodem

283 3447 361 3495 modo
380 3456 455 3512 atque
480 3447 611 3506 ἑκουσίως
628 3447 669 3497 vel
687 3447 717 3500 ἐκ
734 3450 878 3514 προνοίας.
911 3445 1018 3510 Antiph.
1036 3449 1065 3496 Γ.
1083 3442 1109 3494 δ.
1128 3455 1156 3509 5:
1176 3439 1226 3496 τὸν
1243 3443 1275 3497 δὲ
1286 3438 1412 3496 θάνατον
1423 3446 1484 3503 πῶς
1502 3437 1539 3496 ἀν

282 3529 483 3600 ἐπεβούλευσεν
506 3530 536 3596 ἀς
558 3531 693 3596 ἀκουσίως
716 3530 866 3596 intruere,-
889 3539 918 3586 Γ.
936 3552 962 3584 α.
982 3545 1011 3595 7:
1036 3528 1109 3603 ὑμᾶς
1131 3528 1188 3600 χρὴ
1207 3570 1213 3582 .
1230 3570 1258 3583 ..
1279 3527 1330 3597 τὴν
1346 3526 1537 3598 βουλεύσασαν

281 3617 377 3689 ψυχὴν
397 3619 602 3694 ἀυταφελέσθαι
621 3620 713 3676 αὐτόν.

368 3718 395 3763 Γ.
415 3718 441 3778 β.
460 3724 487 3777 5:
509 3710 573 3764 »τὸν
590 3707 827 3778 ἐπιβουλεύσαντα
848 3705 951 3763 κελεύει
967 3705 983 3761 ὁ
1001 3705 1089 3781 νόμος
1107 3713 1196 3781 φονέα
1215 3707 1313 3769 eluar«,
1333 3711 1481 3760 vertendum
1502 3719 1538 3761 est

284 3816 430 3865 »percussor
454 3802 587 3852 habendus
608 3809 645 3852 est
667 3803 688 3851 is
710 3802 829 3859 tandum,
857 3801 899 3865 qui
920 3800 1054 3848 consilium
1077 3799 1174 3849 habuit.
1218 3798 1342 3849 Desinant
1366 3799 1468 3848 tandem
1492 3799 1537 3846 ho-

283 3883 362 3936 mines
384 3889 454 3938 docti
478 3891 510 3940 ad
533 3891 600 3939 hunc
623 3891 707 3939 locum
729 3904 869 3955 provocare
892 3888 963 3953 quasi
980 3889 1070 3937 eadem
1089 3904 1173 3953 poena
1190 3887 1217 3935 in
1234 3903 1265 3935 eo
1283 3887 1424 3950 postuletur
1441 3904 1488 3952 pro
1507 3902 1537 3934 eo

282 3977 326 4041 qui
344 3976 476 4026 consilium
494 3979 564 4028 dedit
581 3987 656 4043 atque
673 3994 719 4043 pro
737 3994 768 4027 eo
786 3976 829 4042 qui
846 3976 951 4041 perfecit
967 3993 1027 4042 rem,
1046 3975 1255 4040 quandoquidem
1268 3990 1321 4024 non
1339 3975 1421 4040 agitur
1434 3974 1538 4024 omnino

282 4063 308 4112 in
332 4080 363 4113 ea
380 4065 493 4115 oratione
510 4066 558 4114 nisi
575 4066 607 4116 de
625 4083 676 4115 uno
694 4065 806 4123 homine,
828 4081 904 4130 quem
922 4064 975 4113 sine
994 4063 1099 4113 consilio
1116 4079 1170 4112 rem
1187 4063 1313 4128 peregisse
1331 4071 1416 4112 orator
1433 4063 1538 4112 demon·

282 4161 401 4202 straturus
421 4163 466 4203 est.
502 4154 580 4217 Quod
598 4170 750 4220 quamquam
767 4155 794 4202 in
812 4162 901 4219 aperto
919 4160 956 4202 est
973 4152 1113 4201 orationem
1130 4150 1234 4216 legenti,
1249 4159 1333 4201 tamen
1351 4151 1468 4200 omnibus
1488 4150 1539 4199 fere

282 4240 346 4290 saiso
367 4242 527 4306 intellegitur.
548 4269 577 4280 -
598 4242 718 4307 Philippi,
745 4244 839 4307 Areop.
858 4253 899 4305 37,
923 4241 979 4290 118.
1018 4240 1186 4304 Frohberger,
1211 4240 1289 4304 praes.
1310 4241 1368 4301 Lys.
1391 4241 1452 4290 XII.
1488 4239 1539 4288 Ge·

282 4330 369 4388 bauer,
390 4330 492 4382 ibidem.
528 4331 624 4390 Busolt,
645 4331 744 4381 Griech.
764 4330 856 4380 Gesch.
874 4331 956 4390 1412
974 4336 1043 4379 nota.
1078 4327 1215 4377 Thalheim
1233 4328 1258 4376 in
1276 4329 1365 4376 Herm.
1388 4328 1432 4378 Gr.
1451 4326 1539 4391 Antiq.

283 4434 310 4483 P·
330 4429 371 4482 45·
