3350 5284
1317 1147 1611 1257 Vita
1697 1147 2264 1257 auctoris

1637 1390 1942 1398 ——

705 1537 915 1601 Natus
966 1558 1110 1601 sum
1167 1536 1601 1620 Wolfgangus
1643 1539 1906 1602 Passow
1950 1537 2311 1602 Marchicus
2354 1538 2743 1605 Alt-Reetzii
2786 1563 2841 1605 a.
2883 1543 3039 1624 1863
3082 1540 3089 1547 ’

535 1651 727 1704 sexto
768 1641 872 1705 die
915 1642 1048 1706 Mai
1091 1663 1178 1707 m.
1223 1652 1407 1726 patre
1450 1643 1751 1706 Mauritio
1792 1644 2043 1708 medico
2089 1663 2129 1706 a
2172 1644 2459 1708 sanitatis
2509 1645 2802 1723 consiliis,
2850 1667 3043 1728 quem

533 1755 683 1810 ante
761 1746 885 1810 hos
964 1748 1190 1811 decem
1264 1768 1468 1812 annos
1550 1747 1761 1811 subita
1841 1758 2051 1812 morte
2128 1749 2472 1832 abreptum
2542 1750 2769 1834 luge03
2838 1762 3044 1816 matre
3098 1801 3103 1805 .

532 1850 730 1914 Luisa
794 1872 831 1914 e
889 1861 1084 1933 gente
1162 1853 1217 1914 F
1221 1851 1462 1916 roelich
1533 1854 1879 1935 superstite
1951 1854 2175 1918 laetor.
2291 1855 2473 1919 Fidei
2544 1846 2688 1921 sum
2753 1858 3045 1922 addictus

534 1957 961 2038 evangelicae.
2111 1945 2116 1953 ⁸

703 2060 1108 2126 Rudimentis
1179 2061 1505 2128 literarum
1573 2065 1785 2147 patrio
1857 2064 1922 2127 in
1985 2064 2130 2128 vico
2194 2064 2480 2129 imbutus
2545 2086 2784 2130 novem
2839 2088 3043 2132 annos

532 2187 735 2249 agens
781 2167 1078 2231 ‘Berolini
1137 2167 1261 2230 adii
1328 2166 1757 2251 Gymnasium
1817 2168 2098 2250 Regium
2160 2169 2657 2251 Joachimicum,
2731 2173 2794 2235 in
2866 2174 3043 2237 cuius

533 2274 932 2336 alumnatum
992 2293 1048 2336 a.
1111 2273 1274 2354 1876
1331 2283 1627 2357 receptus
1684 2295 1847 2338 sum.
1944 2274 2139 2339 Auct.
2210 2277 2360 2340 1881
2430 2277 2811 2340 maturitatis
2873 2279 3044 2342 testi-

533 2379 755 2440 monio
827 2387 1131 2461 accepte,
1239 2386 1309 2442 ut
1381 2379 1791 2462 philologieis
1869 2380 2093 2443 studiis
2166 2400 2433 2467 operam
2505 2382 2729 2446 darem
2803 2385 3042 2449 univer-

530 2483 737 2546 sitatis
787 2483 1124 2547 literariae
1207 2480 1636 2544 Berolinensis
1722 2483 1875 2548 civis
1949 2483 2153 2548 factus
2224 2507 2400 2564 sum;
2491 2489 2795 2569 proximo
2872 2510 3043 2554 anno

539 2590 698 2652 1882
751 2587 917 2670 Apr.
962 2625 1050 2635 —
1097 2587 1254 2666 1883
1318 2586 1639 2669 stipendia
1696 2589 1975 2653 Berolini
2036 2589 2186 2666 feci;
2247 2611 2364 2673 per
2416 2601 2731 2657 aestatem
2784 2615 2840 2659 a.
2881 2597 3043 2675 1883

530 2695 796 2758 Bonnae
843 2693 948 2770 sui,
995 2695 1165 2757 unde
1208 2693 1578 2757 Berolinum
1623 2715 1917 2759 reversus
1961 2696 2324 2759 continuavi
2362 2697 2592 2774 studia,
2639 2698 2844 2762 donec
2874 2711 3041 2766 auct.
3078 2715 3084 2723 ·

537 2801 701 2878 1884
745 2798 1127 2881 Gottingam
1171 2799 1487 2863 deductus
1529 2821 1674 2864 sum
1719 2821 1929 2885 aequa
1970 2803 2291 2879 Minerva3
2336 2802 2438 2865 hic
2482 2813 2548 2866 et
2604 2807 3042 2885 proseminarii
3064 2839 3098 2887 2·

531 2913 598 2968 et
640 2905 958 2969 seminarii
1001 2904 1375 2987 philologici
1417 2905 1654 2969 sodalis
1698 2907 1787 2972 fui
1831 2909 2199 2972 ordinarius.

699 3011 819 3073 Per
862 3011 1074 3075 decies
1118 3029 1239 3072 sex
1283 3029 1538 3074 menses
1582 3013 1795 3076 audivi
1851 3016 2023 3077 viros
2064 3013 2522 3077 illustrissimos
2565 3013 2717 3078 hos:
2766 3014 3039 3100 Curtius,

531 3115 615 3183 H.
658 3116 982 3198 Droysen,
1044 3114 1505 3196 Furtwangler,
1567 3116 1653 3181 A.
1702 3118 2060 3194 Kirchhoff,
2113 3118 2379 3194 Robert‚
2428 3117 2717 3195 Scherer,
2766 3121 3039 3200 Vahlen,

532 3219 757 3296 Zeller,
824 3221 1303 3299 Berolinenses;
1357 3261 1432 3269 —
1475 3223 1850 3300 Buecheler,
1917 3223 2191 3300 Kekule,
2260 3223 2470 3299 Klein,
2540 3224 2809 3306 Usener,
2877 3227 3040 3292 Bon·

529 3344 792 3403 nenses;
819 3363 906 3374 —
931 3325 1283 3404 Baumann,
1329 3326 1606 3410 Peipem,
1653 3327 1936 3412 Sauppe,
1968 3329 2443 3413 Volquardsen,
2477 3330 2558 3393 de
2588 3329 3041 3397 Wilamowitz-

530 3429 1002 3508 Moellendorff,
1050 3429 1527 3514 GottingenseS.
1577 3473 1654 3503 ,-
1705 3431 1955 3514 Quibus
1998 3435 2147 3513 viris
2194 3434 2493 3498 omnibus
2535 3435 2779 3515 optime
2822 3439 2905 3502 de
2935 3459 3041 3502 me

530 3536 771 3600 meritis
824 3538 1064 3618 gratias
1106 3537 1313 3600 refero
1359 3539 1557 3601 iustas
1598 3558 1674 3602 ac
1720 3539 1970 3603 debitas
2009 3539 2320 3622 imprimis
2363 3548 2581 3603 autem
2625 3539 2716 3601 eis
2758 3541 3041 3604 doctissi-
3097 3546 3138 3586 Σ

530 3643 651 3705 mis
711 3642 963 3706 duobus
1025 3644 1176 3706 viris
1232 3652 1298 3707 et
1353 3632 1858 3719 humanissimis,
1920 3645 2027 3725 qui
2073 3644 2346 3727 benigne
2392 3644 2774 3727 opusculum
2822 3666 3039 3709 meum

528 3767 660 3810 non
718 3756 1276 3831 contempserunt,
1351 3759 1841 3813 monumentum
1908 3751 2081 3832 quod
2142 3758 2313 3814 esset
2370 3750 2563 3813 animi
2623 3751 2747 3813 mei
2804 3751 2868 3813 in
2922 3772 3037 3816 eos

527 3853 887 3935 gratissimi.

1650 4365 1922 4417 Altenburgi

1337 4432 1475 4485 Typis
1502 4432 1708 4474 officinae
1734 4433 1909 4475 aulicae
1938 4434 2220 4477 Piererianae

1529 4500 1609 4549 (St.
1639 4499 1801 4542 Geibel
1831 4511 1876 4543 et
1903 4500 2038 4553 Soc.)-
