3350 5284
644 473 855 540 „37-

208 623 330 689 Contra
362 645 444 696 eum¹
472 625 596 708 duplex
636 627 731 692 fuisse
769 629 919 693 iudicium
958 631 1181 694 demonstrant
1223 637 1378 701 oratores,

124 749 208 812 quos
243 732 366 814 primos
398 751 527 815 semper
556 733 703 798 audimus
732 742 767 797 ut
796 743 896 798 testes
926 735 958 798 in
987 736 1099 799 mediis
1126 744 1272 799 versatos
1305 733 1382 817 ipsis

123 834 219 898 rebus
250 856 356 918 neque
384 858 499 901 manca
528 858 635 901 rerum
665 840 779 904 notitia
800 849 857 903 aut
878 841 1039 905 erroribus
1060 851 1246 924 corruptos;
1269 848 1382 903 contra

123 960 198 1003 eum
235 950 371 1005 testatur
406 943 492 1006 idem
526 943 780 1026 Harpocration,
816 947 921 1021 cuius,
952 948 1098 1027 quamvis
1128 948 1270 1010 secundo
1306 945 1381 1007 loco

123 1046 277 1128 positum,
300 1057 408 1111 tamen
431 1068 496 1111 non
517 1051 754 1114 contemnimus
775 1051 1003 1116 testimonium.

209 1181 337 1246 Poenae
360 1183 493 1245 modum
516 1203 533 1244 e
556 1183 745 1247 iudiciorum
764 1187 876 1250 ordine
897 1188 1038 1269 pendere
1059 1207 1156 1269 supra
1176 1187 1239 1248 iam
1261 1181 1380 1247 monui.

123 1284 223 1348 Prout
257 1307 330 1350 reus
367 1288 438 1370 quis
475 1286 577 1352 factus
613 1299 682 1353 erat
718 1300 773 1355 aut
810 1292 843 1355 in
879 1291 1059 1375 Areopago
1093 1299 1148 1354 aut
1179 1291 1210 1354 in
1238 1287 1381 1352 Palladio

123 1393 330 1455 condemnari
352 1392 462 1456 debuit
483 1401 539 1455 aut
560 1395 673 1476 capitis
695 1405 750 1459 aut
771 1395 867 1460 exilii.
911 1395 945 1460 Si
967 1398 1038 1480 quis
1059 1397 1181 1461 ratione
1204 1415 1269 1458 non
1285 1391 1381 1455 mani·

124 1494 207 1560 festa
228 1500 458 1579 prudenter
480 1497 620 1579 aliquem
642 1501 856 1578 interemerat,
878 1512 914 1566 ut
935 1499 1052 1587 φονεὺς
1073 1521 1201 1567 summo
1223 1497 1381 1581 supplicio

124 1601 240 1684 dignus
267 1602 447 1667 habebatur
468 1613 501 1666 et
523 1624 556 1668 re
578 1625 655 1668 vera
677 1606 815 1670 carnifici
836 1610 1011 1674 succubuit.
1058 1609 1106 1673 Ut
1127 1627 1225 1672 unum
1247 1603 1381 1667 afferam

124 1709 330 1790 exemplum:
359 1708 575 1774 Menestratus
606 1711 684 1793 Lys.
712 1712 791 1777 XIII
819 1715 875 1794 56:
906 1709 1024 1803 ἐπειδὴ
1045 1716 1139 1780 τοῦτο
1161 1707 1199 1777 τὸ
1221 1709 1381 1795 ψήφισμα

125 1811 260 1898 ἐγένετο,
293 1811 407 1897 μηνύει
440 1806 458 1880 ό
492 1816 720 1902 Μενέστρατος
754 1818 811 1884 καὶ
846 1815 1124 1905 προσαπογράφει
1162 1813 1290 1902 ἑτέρους
1317 1815 1381 1878 τῶν

125 1919 288 1987 πολιτῶν·
311 1925 424 1987 τοῦτον
442 1920 554 2004 μέντοι
577 1918 609 1987 oi
632 1923 692 2005 μὲν
712 1921 887 2007 τριάκοντα
910 1919 1054 2014 ἀφεῖσαν
1075 1919 1186 2009 ὥσπερ
1205 1915 1381 2006 Ἀγόρατον

124 2025 269 2105 τουτονὶ,
314 2021 455 2107 δόξαντα
493 2019 625 2114 τάληθῆ
661 2025 882 2115 εἰσαγγεῖλαι,
925 2024 1018 2114 ὑμεῖς
1053 2030 1091 2096 δὲ
1127 2028 1243 2114 πολλῷ
1277 2020 1382 2109 χρόνῳ

125 2123 256 2217 ὕστερον
278 2128 430 2216 λαβόντες
450 2129 485 2197 όν
500 2131 700 2219 δικαστηρίῳ
716 2125 760 2213 ὡς
782 2130 1050 2222 ἀνδροφόνον
1072 2127 1171 2202 όντα
1192 2127 1381 2198 θάνατον

127 2236 306 2316 δικαίως
343 2230 657 2323 καταψηφισάμενοι
694 2241 740 2325 τῷ
777 2241 885 2328 δημίῳ
923 2241 1100 2327 παρέδοτε,
1146 2239 1203 2306 καὶ
1242 2232 1381 2313 ἀπετυμ-

126 2341 289 2429 πανίσθη.
352 2344 567 2407 Menestratos
610 2340 789 2426 βουλεύσας
824 2348 910 2411 cives
946 2350 1079 2412 iniustae
1117 2345 1212 2409 morti
1249 2342 1382 2405 dederat

127 2450 242 2512 eadem
264 2450 386 2512 ratione
408 2458 506 2530 atque
528 2448 695 2530 Agoratus
709 2449 975 2532 Dionysodorum
994 2452 1197 2532 Meletusque
1211 2449 1380 2511 Leontem.

128 2554 253 2637 Quibus
281 2554 438 2629 omnibus,
470 2574 543 2617 cum
570 2557 801 2638 prudenter
833 2559 966 2622 caedem
996 2557 1239 2631 commisissent,
1276 2570 1382 2635 poena

127 2661 240 2744 capitis
267 2670 337 2724 erat
365 2662 543 2724 statuenda.
596 2660 630 2724 Si
659 2683 737 2725 vero
766 2663 856 2727 sine
879 2665 1059 2728 consilio
1082 2665 1153 2747 quis
1176 2680 1252 2723 casu
1275 2657 1382 2739 potius

127 2767 264 2830 alterum
301 2765 416 2840 obruit,
460 2766 606 2829 nimirum
640 2769 816 2831 secundum
854 2764 955 2853 φόνου
992 2761 1149 2834 ἀκουσίου
1190 2767 1280 2848 leges
1316 2782 1381 2825 non

126 2873 233 2955 potuit
261 2870 467 2935 condemnari
496 2871 554 2934 nisi
582 2873 677 2936 exilii.
734 2874 851 2955 Neque
879 2875 1033 2937 maiorem
1062 2874 1209 2936 videntur
1241 2887 1381 2952 poenam

126 2976 309 3060 postulasse
335 2985 539 3040 accusatores
561 2976 593 3040 in
622 2978 700 3044 Ant.
728 2999 774 3042 or.
806 2980 855 3043 VI
884 2983 905 3060 ξ
932 2994 968 3062 7;
1001 2981 1060 3061 ipsi
1083 2980 1168 3041 enim
1191 2978 1234 3041 ilii
1256 2994 1383 3040 conces·

126 3092 243 3159 serant,
271 3084 359 3164 quod
388 3101 485 3163 supra
513 3083 660 3158 vidimus,
690 3083 801 3148 dolum
832 3085 954 3147 malum
984 3105 1039 3148 reo
1069 3085 1189 3147 crimini
1220 3103 1284 3145 non
1312 3099 1382 3143 esse

125 3191 276 3254 dandum.

210 3303 301 3386 Ergo
323 3304 412 3383 quod
434 3303 554 3365 iussum
576 3311 625 3364 est
648 3302 721 3384 lege
742 3303 942 3380 Andocidea,
966 3325 1000 3367 re
1022 3325 1098 3367 vera
1114 3303 1266 3367 accidisse
1281 3300 1384 3364 omni·

125 3410 186 3474 bus
214 3430 257 3472 ex
286 3408 429 3491 partibus
451 3407 605 3490 probatur
626 3409 821 3488 gravissimis
843 3411 1041 3474 testimoniis.
1076 3408 1169 3491 Quae
1190 3409 1230 3471 de
1251 3414 1383 3469 cruenta

125 3515 225 3577 caede
254 3521 393 3577 statutae
423 3521 513 3576 erant
541 3512 639 3594 leges,
670 3516 815 3598 integrae
843 3516 1010 3580 valuerunt
1038 3516 1069 3578 in
1098 3514 1226 3597 reliquis
1253 3531 1382 3593 quoque

124 3619 275 3684 omnibus
297 3618 405 3681 caedis
427 3618 606 3700 generibus.

208 3745 280 3826 Jam
312 3764 390 3806 vero
422 3744 448 3807 si
480 3764 548 3806 rem
579 3747 816 3827 persequimur,
860 3744 990 3808 ulterius
1027 3744 1162 3808 fortasse
1197 3743 1289 3806 nobis
1325 3744 1384 3806 erit

126 3850 414 3934 progrediendum3
438 3849 546 3913 nescio
569 3851 663 3927 enim,
686 3871 762 3914 num
785 3850 922 3914 sufficiat
936 3855 1024 3931 quod
1042 3850 1191 3913 iudicium
1206 3849 1337 3931 quidem
1351 3857 1384 3912 et

126 3979 267 4043 poenam
296 3956 411 4021 eadem
438 3953 533 4017 fuisse
564 3956 789 4019 demonstravi.
835 3955 985 4036 Namque
1013 3955 1039 4018 si
1067 3975 1101 4018 re
1130 3975 1206 4018 vera
1234 3955 1289 4034 qui
1312 3959 1383 4038 βου-

126 4059 243 4143 λεόσας
271 4061 471 4127 interfecerat
500 4063 532 4124 in
561 4062 677 4125 eodem
705 4070 831 4125 tenetur
860 4082 898 4125 ac
925 4060 951 4124 si
979 4058 1064 4144 χειρὶ
1093 4080 1162 4122 rem
1190 4060 1382 4142 peregisset:

126 4171 273 4234 nimirum
294 4162 423 4259 φόνου
446 4169 571 4232 actione
595 4188 667 4230 reus
689 4176 815 4230 erat-
832 4187 897 4230 non
918 4162 1132 4251 βουλεύσεως;
1155 4185 1288 4246 prorsus
1301 4163 1382 4226 haec

125 4277 251 4339 videtur
272 4293 526 4358 supervacanea;
550 4274 613 4336 iam
636 4273 859 4355 inquirendum
881 4280 932 4335 est
955 4272 986 4333 in
1008 4291 1081 4333 eam
1101 4290 1185 4347 rem;
1207 4270 1382 4345 videamus

127 4381 180 4445 ubi
211 4388 358 4444 occurrat
387 4399 425 4442 ea
454 4379 538 4442 actio
568 4379 654 4460 apud
677 4388 836 4454 oratores;
867 4377 1043 4454 videamus,
1073 4395 1150 4439 num
1172 4376 1233 4438 sub
1255 4377 1383 4439 nomine
