3350 5284
636 485 849 549 ..31-

108 642 246 704 crimina
275 649 466 723 competunt
474 642 509 721 ¹).
554 641 704 720 Namque
735 660 774 703 ea
806 641 888 704 inter
919 640 1027 702 omnia
1060 640 1173 702 iudicia
1206 639 1373 702 intercedit

106 747 210 820 rati0,
249 755 285 809 ut
314 745 455 828 priorem
486 746 573 827 quod
603 745 727 809 obtinet
756 745 863 808 locum
892 746 1047 809 maiorem
1076 744 1195 808 habeat
1222 745 1371 827 puniendi

107 860 328 934 potestatem3
356 870 435 930 ergo
465 851 497 912 in
525 850 714 932 Areopago,
738 851 825 912 cuius
847 852 1022 913 auctoritas
1043 849 1133 912 facile
1155 871 1282 912 summa
1303 851 1370 926 erit,

107 977 219 1038 poena
257 955 370 1037 capitis
406 955 617 1036 infligebatur·
645 975 716 1030 reo,
752 955 853 1017 levior
886 956 918 1018 in
954 955 1096 1018 Palladio
1125 956 1219 1019 exilii.
1278 955 1371 1036 Quae

115 1083 193 1124 cum
216 1062 261 1124 ita
290 1063 353 1124 sint
375 1081 439 1124 non
462 1069 571 1143 potest
582 1060 719 1122 dubitari
736 1060 812 1142 quin
827 1062 914 1142 apud
930 1061 1146 1144 Areopagitas
1160 1061 1371 1144 Antiphontis

107 1187 156 1230 or.
182 1167 198 1230 Ι
220 1166 330 1229 habita
352 1167 400 1228 sit.

198 1271 320 1335 Contra
363 1270 500 1353 Philippi
544 1272 677 1333 invitum
717 1290 815 1351 quam
855 1272 996 1334 maxime
1034 1281 1183 1335 coactum
1224 1292 1259 1334 se
1301 1292 1371 1334 esse

109 1377 230 1441 fatetur
238 1379 262 1459 ²)
291 1386 327 1439 ut
354 1375 496 1439 Palladio
528 1376 681 1438 tribueret
703 1376 810 1437 omnia
832 1377 963 1439 crimina
984 1363 1202 1460 βουλεύσεως,Ι
1225 1378 1371 1458 quamvis

109 1505 185 1546 cum
221 1481 299 1545 dolo
333 1481 420 1543 malo
458 1491 565 1543 essent
600 1482 788 1544 commissa:
812 1479 895 1544 hanc
931 1483 1034 1564 ipsam
1069 1481 1153 1544 enim
1191 1483 1370 1545 orationem

112 1589 203 1670 (Ant.
228 1587 255 1667 I)
287 1586 375 1650 nullo
405 1587 504 1649 modo
526 1587 705 1668 Areopago
734 1606 831 1667 posse
853 1587 957 1650 tribui.
1002 1586 1158 1667 Magnum
1181 1587 1212 1649 id
1234 1597 1284 1650 est
1305 1588 1372 1650 sine

108 1694 230 1770 dubio;
260 1693 305 1755 ita
334 1692 419 1754 enim
448 1692 585 1773 primum
616 1692 743 1771 quidem
773 1692 954 1755 videremus
984 1692 1052 1755 sine
1081 1691 1145 1754 ulla
1174 1712 1251 1754 sana
1273 1712 1372 1755 causa

108 1800 282 1862 recessisse
305 1797 519 1860 Athenienses
541 1817 561 1859 a
581 1797 704 1859 ratione
726 1796 897 1860 iustissima
917 1817 955 1860 ea
973 1834 1011 1844 -
1028 1797 1226 1861 evoluntate
1241 1799 1372 1861 crimina

109 1904 331 1976 distribuendi,
357 1902 533 1965 —deinde
563 1903 743 1964 videremus
773 1922 806 1963 re
828 1922 905 1964 vera
933 1902 1078 1983 Ephetas
1105 1904 1259 1985 capitis
1281 1924 1371 1966 reum

112 2009 258 2090 potuisse
281 2009 512 2070 condemnarel
534 2043 576 2054 -
599 2005 715 2088 Qualia
737 2016 846 2069 autem
868 2009 931 2070 sint
951 2008 1082 2070 tandem
1102 2009 1169 2070 eius
1183 2018 1373 2089 argumenta

110 2114 176 2176 iam
199 2113 388 2177 videbimus.

198 2219 312 2298 Atque
335 2219 473 2300 primum
496 2217 626 2297 quidem
646 2235 745 2278 unum
768 2238 811 2281 ex
832 2219 903 2299 ipsa
924 2218 1046 2299 profert
1060 2221 1220 2296 oratione;
1244 2219 1373 2300 respicit

109 2323 153 2384 ad
184 2325 324 2386 iudicum
354 2323 590 2396 allocutionem,
621 2324 694 2384 inde
723 2322 807 2384 enim
837 2322 929 2385 facile
957 2333 990 2386 et
1012 2325 1186 2387 certissime
1209 2343 1307 2406 posse
1329 2325 1371 2386 di·

111 2430 236 2508 gnosci,
258 2431 319 2491 utri
340 2429 456 2491 iudicio
480 2427 641 2510 quaelibet
664 2427 766 2489 oratio
787 2430 966 2492 conveniat.
1005 2429 1141 2492 Secutus
1162 2429 1246 2491 enim
1269 2430 1370 2492 Maur.

112 2533 226 2596 Herm.
260 2535 320 2596 Ed.
355 2534 544 2614 Meierum3)
573 2533 670 2595 docet
703 2553 778 2606 nos,
812 2553 830 2594 e
863 2554 1021 2598 consensu
1055 2536 1197 2597 omnium
1229 2555 1311 2616 quae
1341 2536 1373 2597 in

114 2639 296 2722 Areopago
328 2638 456 2732 habitae
493 2639 555 2701 sint
590 2638 770 2700 orationum
802 2659 862 2719 pro
892 2649 980 2703 certo
1008 2641 1219 2703 demonstrari
1253 2641 1372 2703 ›Areo-

114 2746 243 2826 pagitas
273 2765 338 2808 non
368 2745 511 2826 potuisse
534 2742 688 2824 appellari
710 2743 768 2805 nisi
794 2728 840 2807 »ὦ
861 2744 981 2826 βουλή<<
993 2774 1003 2826 ,·
1037 2767 1110 2808 cum
1140 2756 1248 2809 autem
1269 2749 1372 2809 oratio

113 2849 194 2912 Ant.
225 2850 239 2911 Ι
269 2851 352 2913 hanc
382 2849 551 2912 formulam
581 2869 660 2911 non
688 2847 857 2924 exhibeat,
891 2870 968 2926 non,
984 2871 1081 2932 posse
1103 2873 1175 2914 eam
1193 2851 1372 2932 Areopago

113 2956 219 3018 tribui.
262 2954 356 3030 Sane,
381 2975 447 3016 non
471 2953 675 3036 appellantur
698 2955 816 3016 iudices
841 2940 867 3018 α’
890 2955 1001 3038 βουλή,
1021 2967 1129 3019 tamen
1151 2956 1272 3031 dubito,
1296 2976 1372 3017 uum

113 3059 257 3122 Palladio
291 3061 460 3123 convenire
493 3079 566 3122 eam
597 3059 776 3122 orationem
811 3059 969 3142 Philippio
1005 3063 1198 3138 concedam;
1233 3082 1373 3143 namque

112 3165 358 3245 aliquantulum,
383 3175 418 3229 ut
439 3166 563 3246 opinor,
587 3187 625 3228 ea
648 3185 777 3248 quoque
799 3165 908 3228 valent
921 3176 1109 3248 argumenta
1123 3187 1207 3247 quae
1224 3168 1373 3246 equidem

116 3271 255 3351 exposui
278 3290 382 3352 neque
405 3291 469 3333 uno
492 3270 658 3352 pulsantur
679 3270 822 3333 verbulo.

202 3374 271 3437 Iam
293 3396 381 3450 vero,
406 3396 445 3437 ne
467 3384 589 3438 temere
611 3376 687 3438 illud
710 3376 911 3438 allocutionis
932 3378 1149 3440 testimonium
1172 3378 1372 3459 praeteriisse

117 3479 293 3554 videamur,
318 3480 513 3561 inquiramus
536 3501 606 3562 age,
631 3490 711 3563 quot
733 3481 795 3543 sint
820 3501 969 3544 »omnes«
994 3481 1067 3544 illae
1090 3483 1250 3545 orationes
1272 3483 1372 3545 Areo-

116 3586 286 3666 pagiticae,
304 3585 483 3665 quibusque
499 3584 682 3648 auctoribus
701 3587 924 3669 conscriptae?
946 3597 1011 3650 tres
1033 3595 1158 3650 tantum
1180 3588 1371 3669 feruntur⁴);

116 3690 214 3751 trium
249 3711 360 3753 earum
396 3692 538 3753 omnium
567 3711 648 3752 unus
679 3700 727 3753 est
754 3701 867 3755 auctor
895 3692 1021 3774 Lysias.
1072 3692 1140 3754 Iam
1171 3694 1286 3756 labitur
1310 3694 1373 3756 hoc

207 3942 228 4008 ¹)
248 3943 418 4006 Schoemann‚
438 3943 526 4007 Antiq.
546 3943 593 3992 iur.
613 3944 684 4010 publ.
706 3943 796 3992 Graeci
814 3961 840 4008 p.
861 3957 910 4007 294
930 3944 1119 3994 »condemnatis
1137 3962 1262 3994 summum
1279 3945 1373 4010 suppli·

116 4031 184 4080 cium
202 4031 299 4096 imponi
317 4047 370 4080 non
387 4032 497 4096 potuisse
514 4031 627 4081 videtur«
647 4029 684 4095 (in
702 4032 764 4081 Pall.
783 4032 831 4081 vel.
850 4031 966 4098 Delph.).

203 4117 226 4185 ²)
247 4122 292 4170 Ar.
310 4136 334 4170 u.
353 4120 419 4184 Eph.
436 4136 463 4184 p.
484 4130 524 4184 5ο.

205 4206 227 4272 3)
244 4208 331 4268 Meier,
360 4209 400 4256 De
422 4208 496 4257 bonis
520 4208 630 4257 damnat.
649 4209 737 4258 adnot.
759 4220 787 4273 51
810 4225 834 4274 p.
854 4221 895 4259 21.
931 4210 1137 4272 Forchhammer,
1158 4212 1184 4260 d.
1204 4214 1300 4277 Areop.
1320 4228 1373 4261 non

116 4294 183 4358 priv.
204 4312 229 4360 p.
248 4296 290 4358 36.
327 4296 518 4344 Matzne1282.
556 4296 676 4361 Philippi,
696 4299 742 4346 Ar.
758 4314 787 4346 u.
808 4298 877 4363 Eph.
897 4315 922 4364 p.
943 4313 972 4360 41
994 4299 1039 4349 cfr.
1061 4318 1087 4365 p.
1105 4314 1146 4364 33.

204 4382 227 4447 4)
246 4386 304 4448 Lys.
325 4400 361 4434 or.
379 4386 421 4436 111
438 4383 524 4432 habita
541 4391 600 4448 post
617 4402 639 4433 a.
658 4399 717 4449 393,
738 4402 774 4435 or.
792 4388 838 4446 IV,
860 4402 898 4436 or.
918 4389 970 4439 VH
988 4398 1045 4452 post
1063 4405 1086 4439 a.
1104 4401 1162 4453 397.
