3350 5284
802 446 1015 506 „14-

282 611 383 684 parte.
435 601 609 664 Vetustum
638 609 688 663 est
718 619 836 663 nomen
866 597 1085 680 παλαμναῖος,
1117 598 1274 687 significat
1302 619 1536 680 percussorem.

281 707 403 771 Aesch.
424 706 519 770 Eum.
541 723 605 784 444
627 705 771 767 Minerva
794 702 944 768 Orestem
967 704 1153 784 alloquitur:

529 817 703 914 άφθογγον
724 817 810 891 εἶναι
832 821 889 892 τὸν
909 825 1122 905 παλαμναῖον
1143 819 1241 906 νόμος

529 924 596 996 ἔστ’
623 922 663 994 ἂν
683 927 766 1014 πρὸς
786 922 903 1012 ἀνδρὸς
925 931 1064 1011 αἵματος
1083 927 1271 1013 καθαρσίου

529 1034 656 1124 σφαγαὶ
679 1031 917 1118 καθαιμάξωσι
940 1032 1102 1122 νεοθήλου
1123 1038 1232 1120 βοτοῦ.

367 1158 431 1240 Qui
461 1160 650 1240 Pompeium
680 1159 895 1221 trucidaverat
923 1156 1134 1239 παλαμναῖος
1167 1167 1300 1221 vocatur
1325 1180 1344 1221 a
1365 1158 1536 1221 Plutarcho

282 1265 395 1346 Pomp.
431 1265 481 1330 80.
537 1263 686 1326 Vindicat
720 1262 783 1326 hoc
816 1284 1040 1345 percussorum
1077 1284 1179 1345 genus
1214 1259 1295 1342 Ζεὺς
1326 1263 1538 1345 παλαμναῖος

283 1369 452 1452 (lAristot.l
482 1368 511 1432 d.
539 1370 647 1434 mund.
678 1369 741 1432 Vll
769 1369 794 1450 1)
823 1388 888 1448 quo
918 1369 1049 1432 nomine
1078 1380 1212 1432 vocatur
1233 1369 1275 1430 ab
1297 1369 1334 1431 iis
1357 1371 1410 1452 qui
1433 1389 1536 1450 perse-

284 1482 424 1558 quuntur
445 1493 676 1555 percussorem.
722 1473 833 1555 Apoll.
857 1473 917 1535 Rh.
938 1472 987 1535 IV
1009 1475 1088 1554 708:

695 1590 898 1679 »audoipotov
920 1589 1125 1680 ἀγκαλέουσα

556 1701 644 1786 Ζῆνα
668 1701 880 1775 παλαμναῖον
900 1693 1056 1787 τιμήορον
1079 1695 1249 1764 ῖκεσιάωνι
1263 1704 1285 1780 1)

254 1906 256 1910 Ι
285 1823 339 1886 ubi
362 1821 551 1886 scholiasta:
573 1823 784 1904 παλαμναῖον
806 1822 893 1906 λέγει
914 1827 970 1888 τὸν
989 1820 1090 1908 φόνον
1115 1819 1333 1907 εἰργασμένον.
1366 1825 1437 1905 jam
1460 1844 1538 1886 vero

285 1949 353 2011 non
372 1926 506 2009 quilibet
527 1928 710 1990 interfector
732 1937 864 1990 vocatus
887 1949 957 1990 esse
979 1929 1023 1990 ita
1045 1929 1169 1991 videtur
1190 1930 1246 1990 sed
1269 1936 1391 1990 certum
1413 1936 1539 1988 tantum

285 2055 395 2116 genus,
420 2035 508 2097 cuius
530 2033 684 2115 imprimis
706 2033 825 2094 vindex
847 2031 974 2095 habitus
995 2042 1045 2096 est
1062 2034 1193 2115 Jupiter.
1231 2032 1412 2115 Complecti
1430 2040 1539 2093 autern

287 2159 405 2203 nomen
435 2138 511 2201 illud
541 2138 741 2219 peculiariter
769 2159 826 2201 eos
856 2140 909 2219 qui
931 2148 1143 2201 cruentam
1165 2140 1298 2201 caedem
1323 2136 1539 2200 commiserint

286 2255 319 2308 et
347 2267 390 2308 ex
423 2245 579 2306 testimois
616 2263 715 2324 supra
751 2244 854 2307 allatis
885 2244 1064 2325 colligimus
1096 2253 1129 2306 et
1161 2245 1289 2325 insuper
1317 2241 1539 2324 lexicographi

286 2360 451 2414 testantur.
490 2348 621 2410 Photius
636 2369 660 2412 s.
679 2369 709 2414 v.
725 2348 937 2430 παλαμναῖος
949 2379 991 2402 --
1005 2341 1136 2434 φονεῦς;
1152 2352 1239 2429 quod
1256 2369 1373 2411 nomen
1389 2357 1540 2410 cruentae

286 2457 393 2520 caedis
425 2464 589 2517 auctorem
616 2453 753 2517 indicare
775 2464 808 2518 et
830 2454 1031 2536 etymologia
1053 2455 1149 2517 docet
1170 2464 1203 2517 et
1224 2476 1300 2517 usus
1321 2453 1446 2517 dicendi
1470 2451 1538 2533 (cf.

284 2583 315 2644 p.
333 2579 374 2640 24
388 2563 469 2641 not.)
486 2559 696 2641 παλαμναῖος
710 2569 817 2622 autem
833 2569 882 2622 est
894 2554 1070 2641 παλάμαις
1085 2553 1295 2642 ἐργαζόμενος
1312 2607 1319 2621 .
1334 2552 1474 2642 παλάμη
1496 2586 1540 2610 =

284 2667 355 2750 χεὶρ
384 2666 451 2747 (cir.
480 2667 617 2728 eundern
644 2666 793 2726 Photium
822 2664 902 2732 παλ.
933 2663 1082 2749 λέγονται
1113 2664 1144 2729 οἱ
1171 2661 1228 2729 διὰ
1248 2659 1355 2746 χειρὸς
1378 2657 1539 2747 ἀνδροφο-

285 2775 410 2850 νοῦντες
445 2765 538 2853 παρὰ
569 2769 625 2854 σὴν
653 2765 830 2856 παλάμην).
882 2770 972 2851 Ergo
1000 2769 1081 2832 haec
1110 2770 1332 2833 constituenda
1353 2778 1403 2831 est
1424 2769 1537 2831 series:

283 2877 369 2963 χειρὶ
391 2870 603 2963 ἐργαζόμενος
622 2906 664 2929 =
685 2872 857 2956 παλάμαις
883 2872 947 2961 ε’ργ.
970 2905 1012 2928 =
1034 2874 1243 2954 παλαμναῖος
1257 2903 1299 2928 =
1321 2870 1437 2960 φονεύς
1453 2895 1458 2936 :
1474 2875 1492 2934 i.
1509 2894 1536 2934 e.

286 2991 485 3047 cruentae
508 2983 650 3045 caedis
673 2983 829 3043 auctor!

370 3089 581 3151 Abstinemus
592 3086 744 3168 pluribus
762 3106 800 3148 ne
815 3085 985 3166 fatigemus
1001 3084 1172 3163 lectorem;
1188 3105 1247 3168 per
1262 3105 1391 3148 manum
1409 3093 1540 3146 cruenta

285 3196 401 3258 caedes
430 3192 580 3269 eflicitur;
611 3192 690 3254 haec
713 3201 762 3254 est
784 3180 988 3254 interficiendi
1012 3191 1092 3253 ratio
1115 3191 1329 3273 intelligenda,
1359 3190 1539 3271 ubicunque

286 3298 372 3384 χειρὶ
397 3291 595 3383 ἐργάζεσθαι
617 3297 751 3359 verbum
774 3298 915 3378 positum
938 3305 996 3364 est,
1023 3336 1061 3344 —

371 3403 465 3485 Quae
487 3423 560 3466 curn
593 3404 637 3470 ita
666 3403 729 3463 sint
758 3403 797 3463 de
827 3421 952 3464 veneno
982 3422 1046 3464 non
1076 3405 1179 3480 magis
1207 3410 1292 3464 recte
1321 3403 1382 3465 dici
1411 3401 1538 3484 poterit,

287 3529 383 3592 quam
414 3510 440 3571 si
470 3509 557 3570 dicas
591 3526 731 3570 >veneno
761 3507 935 3569 trucidare«
968 3508 1184 3588 (totschlagen
1213 3508 1270 3568 mit
1298 3505 1386 3587 Gift).
1430 3506 1482 3568 Ac
1504 3524 1539 3567 re

286 3635 363 3676 vera
392 3632 576 3696 quanquam
604 3595 740 3694 Philippi
770 3613 899 3695 quidem
928 3613 958 3673 in
981 3612 1058 3675 Ant.
1083 3634 1127 3675 or.
1151 3613 1165 3674 I
1188 3613 1231 3674 ita
1253 3611 1410 3674 distribuit
1431 3623 1540 3693 partes

285 3734 319 3782 ut
341 3718 471 3800 paelicis
493 3719 534 3780 sit
555 3715 641 3801 χειρὶ
663 3713 872 3802 ἐργάζεσθαι,
897 3727 1005 3779 tamen
1028 3717 1104 3780 illud
1127 3719 1257 3800 quidem
1279 3716 1413 3778 verbum
1429 3717 1540 3778 vitavit

286 3824 472 3906 Antiphon,
508 3823 608 3884 immo
646 3825 811 3904 aptissima
847 3823 899 3884 ille
931 3822 971 3884 de
1007 3823 1130 3904 paelice
1167 3823 1266 3885 verba
1299 3822 1406 3902 posuit
1440 3823 1537 3884 haec:

286 3930 307 4008 ξ
334 3940 367 4005 15
393 3918 488 4012 αὑτῆς
515 3930 696 4008 (novercae)
714 3923 751 3994 cci
774 3922 896 4010 εὕρημα
987 3925 1111 4010 ἐκείνης
1131 3919 1369 4010 δ’ὖπιγρένημα.
1395 3967 1433 3974 -
1456 3930 1475 4007 ξ
1502 3927 1539 3988 16

286 4031 451 4097 διακονεῖν
479 4033 564 4095 idem
598 4048 643 4113 17,
675 4035 720 4106 18,
752 4050 805 4108 20,
839 4031 932 4114 Quae
962 4034 1091 4113 quidem
1121 4033 1220 4094 verba
1249 4052 1379 4113 prorsus
1407 4034 1438 4094 in
1467 4053 1539 4094 eam

285 4137 444 4200 actionem
471 4138 637 4217 quadrant,
668 4159 765 4220 quam
786 4138 905 4221 paelex
925 4139 1080 4202 voluntati
1103 4137 1241 4201 nefariae
1263 4158 1420 4200 novercae
1442 4136 1540 4200 indul-

284 4263 364 4324 gens
386 4252 581 4324 susceperat.

373 4439 393 4502 1)
410 4444 599 4494 παλαμναίων
618 4441 648 4490 L.
667 4441 850 4511 παλαμναῖον
867 4443 909 4492 Fr.
928 4441 1002 4506 Spiro
1023 4442 1168 4491 commilito
