3350 5284
630 465 840 529 -27..

109 617 229 690 dubito,
260 617 336 697 quin
364 617 408 680 ita
438 618 661 699 responderint
683 619 756 681 iuris
780 628 952 700 exegetae:
976 617 1007 680 Is
1030 619 1084 698 qui
1106 619 1239 681 caedem
1262 616 1369 681 effecit

109 723 216 785 statim
238 743 255 784 e
279 721 351 803 lege
373 721 605 804 Areopagitica
633 725 830 788 accusandus
860 732 925 801 est;
956 722 1119 798 alteriue,
1143 743 1161 785 e
1183 723 1273 785 cuius
1295 743 1367 786 con·

109 827 178 890 silio
206 837 304 910 atque
334 828 488 890 mandatu
517 837 620 891 morte
650 827 784 892 affectus
811 837 861 892 est
890 829 1023 904 occisus,
1052 849 1116 890 non
1139 828 1242 890 minus
1265 824 1366 916 φόνου

110 953 180 995 reus
195 941 253 1008 est,
276 934 350 1013 quia
364 927 543 1015 βοολεόσας
557 933 721 1008 interiecit,
745 954 843 1015 quam
858 935 883 996 si
900 931 985 1015 χειρὶ
1000 953 1068 995 rem
1085 933 1269 1015 peregisset.
1306 932 1367 994 Ne-

110 1038 246 1100 cessaria
274 1046 383 1100 autem
412 1038 521 1119 utique
543 1047 611 1101 erat
632 1039 705 1102 talis
728 1040 790 1114 lex,
820 1059 903 1120 quae
926 1047 1075 1101 cunctam
1097 1037 1367 1120 complecteretur

109 1140 253 1206 c'aedium
274 1143 463 1205 varietatem
484 1180 527 1190 —
548 1143 606 1206 nisi
629 1143 710 1206 sorte
732 1144 794 1208 alia
814 1145 936 1207 ratione
958 1144 1138 1207 maluerunt
1150 1142 1366 1206 Athenienses

110 1249 253 1331 expediri
277 1269 320 1310 ex
343 1249 498 1329 angustiis
521 1249 636 1328 quibus
658 1250 848 1326 inciderant;
878 1268 1018 1331 namque
1041 1268 1104 1310 una
1126 1249 1255 1330 quidem
1277 1269 1367 1330 prae·

109 1363 195 1416 terea
224 1354 271 1416 eis
300 1354 352 1415 via
380 1353 513 1434 patebat
529 1375 535 1416 :
551 1364 725 1436 potuerunt
754 1376 797 1418 ex
825 1374 884 1418 usu
915 1354 1019 1435 magis
1048 1373 1145 1435 quam
1175 1374 1194 1416 e
1224 1353 1296 1433 lege
1324 1354 1367 1416 ad

110 1456 210 1542 φόνον
241 1458 544 1540 legessimpliciter
572 1461 690 1523 reicere
719 1481 774 1523 eas
804 1461 900 1524 etiam
930 1461 1046 1522 caedes
1075 1479 1253 1541 quaecum
1276 1449 1367 1544 φόνῳ

110 1584 173 1626 non
199 1563 321 1626 maiore
343 1564 575 1627 necessitudine
598 1565 785 1628 coniunctae
808 1573 883 1627 sunt
904 1584 1002 1647 quam
1024 1585 1114 1627 arma
1135 1584 1209 1627 cum
1231 1584 1365 1628 veneno.

111 1667 304 1748 Quanquam
333 1668 397 1730 tale
427 1668 546 1751 aliquid
575 1670 827 1734 Atheniensibus
856 1690 920 1733 non
949 1669 1114 1751 placebat3
1143 1688 1253 1731 veram
1282 1669 1367 1731 enim

115 1767 250 1860 νφόνονί
287 1772 351 1835 vim
382 1773 468 1836 nulla
502 1774 621 1839 oblivio
656 1776 701 1838 eis
731 1774 861 1857 eripuit;
894 1795 998 1856 neque
1028 1770 1071 1837 eri
1097 1796 1156 1838 usu
1186 1776 1228 1837 ad
1257 1794 1367 1857 quam·

111 1878 187 1942 libet
208 1879 343 1942 caedem
364 1879 525 1942 actionem
547 1900 619 1944 eam
642 1880 769 1945 deflecti
787 1881 873 1962 passi
896 1889 978 1955 sunt,
1009 1881 1129 1962 quippe
1151 1880 1205 1962 qui
1227 1871 1367 1965 ἀγράφῳ

110 1977 196 2080 νόμῳ
224 1975 334 2048 οόδονί
355 1994 528 2048 uterentur.
572 1986 602 2048 E
624 1987 696 2068 lege
717 1995 815 2068 atque
836 2007 857 2048 e
876 1986 942 2047 iure
965 1984 1102 2066 reliquas
1124 2005 1237 2049 omnes
1259 1984 1367 2048 referri

110 2091 268 2152 iusserunt
298 2091 414 2153 caedes
445 2092 487 2154 ad
517 2112 572 2155 eas
605 2113 689 2175 quae
720 2093 761 2154 de
793 2099 926 2154 cruenta
958 2091 1058 2154 caede
1090 2099 1231 2154 statutae
1260 2098 1368 2154 essent

111 2193 205 2275 leges

193 2298 336 2362 Cruenta
357 2303 482 2375 caedes
513 2302 635 2384 quippe
663 2321 745 2381 quae
774 2300 989 2363 vetustissima
1016 2301 1058 2363 sit
1090 2322 1133 2363 ex
1154 2301 1304 2365 omnibus
1328 2301 1367 2363 ci·

110 2405 260 2486 viumque
283 2405 368 2468 vitae
393 2417 427 2469 et
455 2409 614 2470 securitati
636 2406 839 2470 infestissima
867 2405 1006 2487 primum
1036 2407 1068 2468 in
1089 2406 1209 2469 iudiciis
1232 2405 1369 2470 obtinuit

112 2509 228 2586 locum,
262 2509 382 2591 primas
411 2520 505 2574 nacta
534 2523 584 2576 est
613 2513 710 2594 leges.
755 2511 809 2572 Ex
831 2511 917 2573 hisce
940 2510 1080 2592 reliquae
1102 2513 1252 2594 pendent.

194 2614 270 2677 Duo
286 2617 462 2679 secundum
477 2638 573 2681 sanae
589 2619 705 2681 mentis
720 2618 878 2680 rationem
893 2614 1031 2680 Athenis
1046 2625 1166 2679 statuta
1180 2627 1254 2680 sunt
1266 2611 1368 2700 φόνου

112 2738 230 2800 genera
252 2719 397 2796 alterum,
422 2731 454 2787 et
476 2724 603 2803 gravius
626 2722 703 2786 illud
725 2722 866 2812 quidem,
895 2716 1012 2809 »φόνος
1034 2716 1199 2800 ἕκοόσιοςς
1226 2718 1277 2804 (ἐκ
1290 2743 1369 2801 προ

113 2822 225 2910 vuius),
249 2846 323 2888 cum
345 2826 422 2890 dolo
447 2828 533 2891 malo
555 2837 654 2910 atque
676 2826 884 2890 interficiendi
905 2827 1038 2890 consilio
1052 2837 1235 2909 peractum;
1258 2826 1367 2901 levius,

114 2940 147 2992 ut
168 2951 228 3012 par
249 2940 308 3005 est,
328 2933 448 2994 crimen
469 2932 605 2997 habetur
621 2926 720 3017 φόνος
742 2924 905 3011 ἀκοόσιος,
929 2933 982 3013 qui
997 2952 1072 2996 casu
1091 2952 1157 2994 non
1171 2954 1190 2996 e
1204 2932 1369 2995 voluntate

113 3036 236 3098 accidit.
281 3037 370 3100 Prius
390 3037 467 3100 illud
489 3038 704 3101 voluntarium
729 3036 850 3100 facinus
872 3037 1145 3120 Areopagitarum
1167 3037 1369 3102 sanctissimo

113 3140 251 3220 collegio
284 3143 449 3219 convenit;
484 3163 556 3206 reus
588 3163 662 3206 cum
694 3152 779 3208 esset
811 3144 978 3209 convictus
1009 3164 1137 3207 summo
1172 3142 1370 3207 afficiebatur

113 3247 270 3328 supplicio
279 3250 311 3328 ¹).
366 3248 418 3311 De
454 3248 556 3311 altero
592 3267 726 3329 genere,
763 3249 812 3311 cui
831 3279 835 3284 ,
853 3249 965 3312 deerat
999 3249 1110 3327 dolus,
1145 3249 1292 3332 Ephetae
1327 3249 1369 3309 iu-

113 3351 264 3414 dicabant
294 3353 380 3435 apud
410 3353 602 3432 Palladium;
637 3353 738 3416 lenior
769 3355 800 3415 in
830 3374 870 3416 eo
900 3374 1005 3436 poena
1034 3363 1103 3417 erat
1131 3363 1251 3417 statuta
1284 3351 1370 3414 exilii

114 3475 218 3536 neque
248 3478 286 3520 ea
314 3460 507 3541 sempiterni.
553 3459 650 3541 Aptis
679 3459 723 3520 ita
751 3468 849 3539 atque
877 3460 1054 3523 iustissimis
1082 3469 1231 3523 cruentae
1254 3457 1370 3520 caedes

114 3564 333 3642 praemunitae
353 3574 443 3627 erant
465 3563 607 3645 legibus;
630 3565 670 3626 ad
694 3564 824 3627 easdem
845 3584 928 3626 nunc
950 3563 1127 3627 reseruntur
1148 3583 1206 3627 eae
1228 3563 1370 3626 actiones

114 3687 187 3729 cum
218 3669 331 3748 quavis
360 3670 482 3732 ratione
512 3668 574 3731 alia
607 3678 745 3732 mortem
772 3670 843 3752 quis
871 3669 962 3732 alteri
983 3670 1144 3736 struxerit.
1188 3668 1304 3743 Nem0,
1335 3676 1371 3730 ut

115 3775 239 3856 opinor,
269 3774 368 3836 talem
398 3775 568 3857 imputabit
594 3773 845 3838 Atheniensibus
866 3773 1117 3839 imbecillitatem
1145 3782 1243 3855 atque
1265 3773 1369 3835 incon·

115 3880 274 3953 stantiam,
305 3889 340 3942 ut
369 3863 391 3942 e*
416 3900 544 3942 summo
572 3881 736 3962 principi0,
767 3881 856 3968 quod
885 3889 919 3943 et
947 3888 1054 3942 mente
1083 3900 1162 3942 sana
1190 3889 1223 3942 et
1252 3878 1370 3941 iustitia

116 3984 296 4064 postulatur
312 3985 433 4066 (dolum
449 4006 520 4048 esse
535 3986 745 4067 spectandum
762 3987 794 4048 in
808 3984 985 4066 maleficiis)
1000 3984 1050 4047 vel
1066 3984 1165 4047 hilum
1176 3983 1372 4047 decesserint

203 4181 223 4248 ¹)
240 4183 316 4232 Dem.
335 4195 377 4242 21,
396 4195 444 4246 43:
468 4183 496 4233 ol
521 4185 633 4253 φονικοὶ
657 4182 722 4242 τοὺς
746 4183 799 4248 μὲν
817 4183 846 4235 ἐκ
864 4187 1002 4252 προνοίας
1018 4176 1239 4238 ἀποκτιννύντας
1255 4171 1371 4246 θανάτῳ

115 4274 161 4323 καὶ
187 4267 325 4341 ἀειφυγίᾳ
350 4273 399 4322 καὶ
423 4267 556 4340 δημεύσει
579 4269 634 4324 τῶν
660 4266 843 4343 ὑπαρχόντων
863 4273 1031 4340 ζημιοῦσιν.
1050 4307 1057 4321 .
1077 4307 1083 4320 .
1101 4268 1167 4327 τοὺς
1189 4264 1216 4318 δ’
1236 4262 1372 4323 ἀκουσίως

117 4359 245 4419 αἰδέσεως
268 4363 316 4411 καὶ
342 4360 558 4430 φιλανθρωπίας
586 4361 690 4426 πολλῆς
719 4356 845 4426 ἠξίωσαν.
889 4361 934 4410 cfr.
966 4359 1043 4408 Meier
1072 4358 1232 4408 Schoernann
1261 4355 1369 4420 Lipsius.

116 4449 171 4499 Att.
191 4452 302 4500 Process.
322 4447 395 4514 (308)
414 4466 440 4514 p.
463 4461 522 4513 377.
