3350 5284
650 481 861 544 ..43-

126 630 230 715 ἆξιοῖ.
277 635 349 700 Lib.
376 635 426 698 ed.
452 627 576 697 ¹Reiske
606 642 629 702 t.
651 633 700 696 IV
723 635 803 712 841:
838 631 977 696 Duobus
1007 633 1040 695 in
1068 653 1107 697 ea
1136 634 1282 697 oratione
1308 632 1388 698 locis

127 748 401 804 commemoratur
429 740 544 803 eadem
573 760 605 822 p.
629 739 692 818 844
718 759 749 804 v.
771 756 793 816 4
815 735 848 802 et
873 758 904 806 v.
929 739 959 806 8.
1010 737 1116 819 Quale
1147 737 1240 804 suerit
1268 740 1388 803 crimen

11 879 12 882 κ
126 844 182 909 filii
204 844 382 909 accuratius
404 864 468 907 non
490 844 671 926 exponitur,
698 863 803 924 neque
826 862 908 924 quae
931 843 1061 907 insidiae
1082 853 1223 910 structae
1244 846 1304 909 sibi
1326 847 1389 910 sint

127 959 221 1034 pater
250 950 412 1032 exposuit.
457 950 595 1013 Videtur
621 949 663 1012 de
691 958 808 1013 conatu
837 948 890 1030 agi
908 947 964 1013 cfr.
986 969 1019 1030 p.
1041 950 1101 1030 845
1123 969 1154 1013 v.
1180 952 1234 1014 18:
1264 945 1329 1018 οἴει
1351 943 1390 1018 τὸ

126 1057 225 1137 μῖσος
246 1050 294 1133 εἰς
315 1047 437 1142 βουλήν
458 1047 561 1138 φόνου
584 1052 826 1140 προβεβηκέναι
849 1053 934 1136 (cod.
951 1054 1236 1141 προβεβληκέναι).
1272 1058 1302 1120 Ε
1315 1077 1389 1121 mea

127 1161 286 1224 sententia
315 1180 380 1224 non
407 1155 675 1242 βουλεύσεως
705 1158 838 1224 actionis
860 1160 919 1222 sed
940 1159 1063 1242 vulgati
1085 1163 1199 1226 erroris
1220 1162 1271 1226 hic
1293 1163 1390 1226 etiam

127 1266 219 1329 testis
241 1274 291 1329 est
312 1264 480 1328 habendus
496 1264 616 1348 quippe
631 1285 704 1329 cum
720 1287 738 1328 e
753 1265 854 1328 verbo
870 1264 1003 1329 finxisse
1017 1266 1077 1330 sibi
1093 1268 1240 1331 videatur
1254 1268 1389 1332 actionis

129 1391 249 1435 nomen
270 1364 452 1454 βούλευσιν.

215 1475 411 1559 Quanquam
425 1497 489 1539 non
504 1475 737 1558 praetervideo,
750 1476 806 1538 vix
821 1477 863 1539 ad
877 1476 1033 1556 liquidum
1047 1476 1130 1540 hanc
1146 1477 1276 1559 quidem
1291 1497 1389 1560 posse
1448 1549 1451 1552 ,

129 1602 197 1646 rem
212 1583 358 1664 perduci;
386 1582 529 1645 destituti
552 1581 638 1644 enirn
661 1600 771 1644 sumus
787 1581 987 1663 gravioribus
1013 1591 1046 1645 et
1062 1583 1146 1665 qua‘e
1160 1582 1289 1645 vincant
1300 1603 1388 1665 pror·

129 1707 183 1750 sus
205 1688 417 1769 argumentis;
434 1707 514 1769 ergo
531 1687 562 1750 in
573 1707 730 1768 suspenso
742 1685 949 1769 relinquimus
961 1688 1094 1752 actionis
1109 1709 1158 1752 no
1168 1708 1266 1751 men.
1291 1686 1323 1751 Si
1339 1688 1389 1750 cui

128 1792 265 1874 placeat,
279 1793 413 1856 retineat
424 1792 512 1870 illud,
530 1792 665 1855 retineat
676 1792 751 1869 sibi;
771 1791 990 1873 relinquuntur
1001 1802 1110 1857 autern
1125 1794 1154 1856 ei
1169 1793 1255 1857 haud
1270 1813 1389 1875 parvae

129 1918 210 1978 quas
239 1899 377 1980 exposui
408 1895 630 1961 difficultates:
655 1895 788 1960 habebit
817 1897 902 1960 enim
928 1897 1092 1980 duplicem
1120 1891 1320 1981 βουλεύσεως
1340 1918 1389 1961 ac-

128 2005 251 2067 tionem
274 2004 305 2066 in
327 2003 459 2066 diversis
482 2023 580 2084 quam
600 2003 741 2066 maxime
757 2002 882 2065 delictis
896 2002 1139 2080 instituendam3
1162 2003 1390 2086 explicandum

129 2109 158 2172 ei
180 2108 240 2172 erit
262 2116 428 2172 oratorum
449 2107 610 2171 silentium
632 2107 831 2183 altissimum,
857 2109 946 2188 quod
968 2108 1044 2171 mihi
1058 2108 1189 2189 quidem
1204 2129 1270 2173 non
1284 2108 1389 2172 levem

129 2214 232 2276 movit
247 2214 477 2294 suspicionem;
493 2212 666 2276 videndum
681 2213 710 2276 ei
726 2213 793 2290 erit,
809 2234 866 2276 cur
881 2209 1061 2295 βουλεύσας
1078 2234 1097 2277 e
1111 2213 1184 2296 lege
1199 2213 1390 2278 Andocidea

134 2312 270 2407 »pirou«
298 2318 444 2382 iubeatur
465 2338 538 2382 reus
556 2315 676 2392 haberi,
700 2338 756 2381 cur
776 2317 1023 2400 Euthyphronis
1044 2328 1146 2401 pater,
1177 2340 1233 2383 cur
1253 2319 1388 2403 Antiph.

129 2424 283 2488 orationis
306 2424 356 2488 VI
377 2433 468 2487 actor
497 2417 626 2509 φόνου
656 2423 718 2486 sint
747 2425 903 2500 accusati,
931 2425 958 2488 si
980 2417 1244 2506 βουλεύσεως
1273 2425 1390 2489 actioni

130 2551 164 2594 re
194 2550 270 2593 vera
296 2528 354 2591 suit
382 2529 482 2596 locus,
531 2529 602 2592 Has
631 2549 744 2593 omnes
770 2529 796 2592 si
825 2529 897 2611 quis
926 2529 1003 2592 mihi
1031 2529 1241 2611 prostraverit
1269 2530 1391 2594 dubita·

128 2636 242 2710 tiones,
266 2636 336 2717 ipse
351 2634 503 2716 recipiam
519 2634 680 2717 duplicem
695 2626 875 2717 βούλευσιν,
891 2635 1095 2716 -quamvis
1112 2634 1228 2698 invitus
1242 2635 1389 2716 quidem;

130 2762 235 2823 neque
249 2741 335 2803 enim
349 2738 486 2802 libenter
500 2739 657 2802 decedam
672 2761 692 2803 a
706 2741 873 2815 sententia,
897 2759 995 2820 quarn
1011 2759 1140 2822 semper
1159 2748 1281 2804 tutatus
1301 2761 1389 2805 sum:

129 2867 195 2909 non
216 2846 435 2927 imprudenter
456 2864 524 2908 rem
548 2844 741 2908 iudiciariam
764 2865 857 2908 suam
880 2844 1052 2909 instituisse
1074 2844 1300 2912 Athenienses.
1379 2872 1381 2876 ·

215 2947 354 3026 cedam,
392 2950 502 3029 dico;⁶
519 2970 625 3031 neque
660 2951 745 3014 enirn
780 2971 927 3014 nomen
963 2951 1098 3016 aetionis
1124 2952 1192 3014 sive
1221 2948 1391 3036 βούλευσις

130 3055 189 3118 suit
211 3057 278 3119 sive
299 3076 364 3118 non
386 3053 453 3131 suit,
477 3055 616 3138 primum
638 3056 833 3138 quaestionis
853 3077 946 3120 meae
959 3056 1084 3120 obtinet
1097 3055 1215 3120 locum.
1257 3056 1391 3122 Summa

131 3181 182 3224 res
205 3161 285 3224 haec
305 3169 371 3224 est:
402 3159 583 3225 Antithesis
605 3161 691 3246 χειρὶ
713 3153 925 3246 ἐργαζόμενος
946 3156 1132 3227 ἀποκτείνω
1152 3156 1392 3245 -βουλεύσας

131 3257 267 3333 daona:
290 3275 505 3329 cruentam
527 3267 713 3342 caedem,
737 3275 850 3349 aperta
872 3267 904 3330 vi
920 3265 1071 3330 effectam
1091 3303 1134 3314 -
1154 3269 1292 3350 opponit
1312 3289 1391 3331 non

130 3380 346 3447 cruentae,
377 3370 510 3434 consilio
534 3371 638 3454 magis
658 3373 852 3435 commissae
875 3382 907 3436 et
927 3371 1124 3436 clandestina
1146 3372 1253 3455 aliqua
1274 3373 1391 3437 machi·

131 3479 277 3555 natione3
311 3475 425 3540 falsum
448 3485 498 3540 est
520 3477 608 3558 quod
629 3476 729 3560 vulgo
751 3487 906 3560 putantur
927 3479 992 3540 duo
1012 3477 1073 3541 sibi
1093 3479 1215 3560 opponi
1234 3479 1389 3556 homines,

131 3602 269 3664 quorum
292 3581 373 3645 alter
394 3581 612 3662 suppeditavit
631 3581 798 3645 consilium
823 3619 858 3628 -
883 3582 972 3658 alter,
996 3583 1153 3660 incitatus,
1176 3604 1245 3646 rem
1259 3584 1392 3665 perfecit

131 3688 217 3769 ipse:
249 3707 308 3769 par
330 3685 408 3748 illud
432 3685 540 3749 nobile
563 3685 696 3750 fratrum
720 3685 951 3769 (intellectualis
973 3697 1086 3752 auctor
1106 3697 1205 3770 atque
1225 3689 1391 3776 physicus)

131 3793 299 3856 remissum
328 3801 378 3856 est
407 3793 448 3855 ad
470 3791 646 3856 eburneam
676 3793 875 3856 somniorum
897 3800 1034 3874 portam,
1065 3794 1150 3857 unde
1172 3803 1313 3858 terreant
1334 3814 1392 3858 eos

132 3917 151 3961 a
173 3897 289 3978 quibus
310 3898 498 3961 creduntur!
522 3934 564 3944 —

215 4002 383 4066 Debemus
410 4011 520 4066 autem
548 4002 608 4066 hos
631 4001 751 4066 fructus
772 4003 930 4067 sermonis
953 4001 1067 4067 Graeci
1088 4004 1194 4086 genio,
1229 4005 1284 4084 qui
1304 4003 1392 4067 fideli

133 4117 165 4172 et
193 4109 297 4171 tenaci
326 4108 482 4171 memoria
504 4109 677 4190 genuinam
704 4109 844 4172 servavit
870 4109 937 4171 vim
957 4108 1131 4172 verborum
1157 4109 1254 4174 etiam
1276 4110 1308 4172 in
1330 4110 1391 4173 dic·

131 4214 219 4277 tione
253 4213 429 4289 iudiciaria,
468 4212 522 4276 ubi
558 4214 714 4295 imprimis
749 4215 790 4278 ad
820 4213 923 4278 aliena
953 4214 1059 4278 solent
1087 4213 1213 4278 deflecti
1244 4215 1392 4297 neglecta

132 4317 263 4384 notione
285 4319 402 4383 innata.
426 4355 467 4366 -
490 4356 529 4366 -
554 4357 594 4366 -

671 4579 888 4760 λέπει

666 4746 822 4875 :ttulit

641 4875 644 4883 ⁴
662 4874 677 4911 l
