3350 5284
669 465 857 529 -9..

119 617 245 679 -deinde
274 613 455 699 βουλεύειν,
485 616 709 679 consilium
737 617 891 692 moliri,
921 620 1096 700 opponitur
1125 619 1389 702 perficiendo

124 717 298 804 (πράττειν
311 724 444 802 ποιεῖν),
461 731 496 784 ut
510 731 662 784 conatum
677 722 834 803 significet
848 723 915 803 (cfr.
932 744 964 806 p.
981 739 1018 804 17
1030 734 1108 786 nota
1122 728 1169 805 2);
1187 728 1280 789 tertia
1291 729 1389 790 etiam

127 837 180 890 est
200 827 366 890 antithesis
385 821 621 910 βουλεύσας
642 820 888 892 ι’ποκτείνω
911 863 950 876 -
970 827 1082 910 χειρὶ
1106 826 1390 912 ἐργαζόμενος

124 926 274 998 ἁποκτ.
302 932 442 1013 (Andoc.
469 934 483 996 I
512 935 565 1014 84)
595 954 677 1015 quae
707 934 836 1016 quidem
864 943 1030 1015 postrema
1059 937 1237 1015 quaestioni
1259 946 1388 1000 nostrae

103 1038 317 1118 'gravissima
336 1058 478 1100 errorem
501 1039 626 1120 peperit
647 1059 768 1110 eorum,
790 1038 845 1118 qui
867 1031 1034 1121 βουλεύειν
1056 1038 1234 1121 significare
1257 1050 1388 1105 censent

129 1143 311 1210 »incitare«,
341 1142 423 1207 Cum
438 1145 522 1206 enim
540 1141 626 1226 χειρὶ
641 1137 818 1226 ἐργάζομαι
834 1143 1038 1226 intellegatur
1054 1144 1281 1227 vulgo=ipse
1296 1147 1388 1210 inter·

122 1248 212 1322 ficio,
234 1249 382 1311 nimirum
404 1243 549 1331 βουλεύω
564 1248 663 1311 debet
677 1269 761 1312 esse:
789 1249 904 1312 »incito
919 1250 1073 1312 alterum«
1090 1249 1142 1312 vel
1162 1251 1307 1315 »alterius
1323 1271 1387 1333 ope

125 1364 232 1417 utor«.
275 1354 388 1435 Itaque
410 1364 515 1418 totum
538 1355 646 1418 locum
673 1344 745 1419 ντόν
765 1351 986 1437 βουλεύσαντα
1001 1351 1035 1418 ἐν
1049 1357 1095 1438 τῷ
1109 1347 1197 1441 αύτῷ
1213 1349 1387 1436 ἐνέχεσθαι

124 1459 186 1524 καὶ
208 1454 263 1525 τὸν
283 1461 326 1546 τῇ
346 1459 429 1545 χειρὶ
455 1454 689 1545 ἐργασάμενονε
714 1470 878 1522 vertamus
894 1480 1024 1522 necesse
1040 1470 1105 1522 est:
1129 1461 1161 1524 Is
1178 1463 1232 1543 qui
1247 1462 1389 1525 incitavit

126 1565 265 1628 alterum
289 1566 321 1627 in
342 1567 458 1628 eodem
481 1575 627 1628 teneatur
645 1575 743 1647 atque
765 1565 790 1627 is
813 1566 957 1645 quirem
979 1564 1121 1647 perfecit.
1159 1571 1266 1647 Atque
1288 1566 1387 1649 vulgo

123 1669 190 1733 hoc
212 1672 383 1752 probatur;
407 1673 496 1753 quod
519 1672 545 1734 si
568 1691 679 1734 verum
702 1679 760 1747 est,
784 1690 916 1732 revera
939 1671 1096 1733 habemus
1116 1665 1317 1754 βουλεύσεως
1339 1693 1387 1735 ac·

121 1777 249 1839 tionem
275 1777 502 1840 instituendam
524 1777 555 1838 in
578 1796 662 1850 eum,
692 1776 746 1855 qui
768 1774 935 1837 consilium
959 1775 1105 1838 facinoris
1128 1776 1387 1842 subministravit.

213 1882 262 1944 At
291 1883 429 1963 primum
459 1882 588 1962 quidem
617 1880 732 1943 dubius
761 1880 880 1942 haereo
908 1901 984 1943 num
1013 1873 1179 1963 βουλεύειν
1200 1881 1262 1944 dici
1284 1883 1387 1964 possit

122 1979 168 2050 de
201 1988 398 2050 »incitando«
433 1986 583 2069 (Philippi
612 2007 643 2068 p.
671 2003 713 2064 29
740 1984 951 2068 Anstistung).
1000 1984 1173 2049 Obiectum
1207 1988 1291 2049 enim
1322 2007 1386 2050 non

123 2113 238 2156 secum
268 2093 366 2157 habet
395 2091 473 2155 illud
503 2091 638 2154 verbum
668 2091 726 2153 nisi
757 2111 841 2152 rem:
881 2085 1069 2176 ἐπιβουλήν,
1101 2084 1209 2178 φόνον,
1239 2085 1385 2157 θάνατον

126 2198 181 2262 vel
210 2199 275 2261 tale
304 2199 439 2279 aliquid3
469 2189 615 2279 βουλεύω
642 2189 716 2261 τινά
737 2195 914 2258 inauditum
937 2205 995 2259 est.
1038 2196 1103 2259 Ubi
1123 2206 1234 2259 autem
1257 2217 1386 2259 revera

124 2304 227 2368 verba
242 2304 322 2367 fiunt
336 2305 378 2367 de
393 2324 433 2366 eo
450 2305 504 2384 qui
519 2303 660 2365 incitavit
674 2301 810 2364 alterurn
826 2310 882 2362 aut
897 2302 1063 2382 persuasit,
1080 2301 1143 2364 alia
1157 2321 1286 2384 semper
1301 2322 1386 2364 usur-

122 2419 243 2492 pantur
259 2410 372 2473 verba:
396 2401 523 2482 κελεύω,
548 2398 828 2490 παρακελεύομαι,
851 2398 1025 2471 ἐπιτάττω.
1073 2407 1169 2472 Dem.
1187 2420 1235 2486 54,
1253 2421 1309 2486 25:
1335 2399 1385 2471 ὅτι

123 2516 172 2600 τῷ
194 2511 377 2595 πατάξαντι
398 2508 532 2579 τύπτειν
552 2505 914 2595 παρεκελεύσατο.
956 2511 1162 2575 Democritus
1183 2514 1270 2594 apud
1292 2510 1384 2575 Stob.

123 2639 177 2698 44,
206 2639 260 2702 19:
293 2615 451 2704 κιξάλλην
478 2617 536 2684 καὶ
565 2615 683 2703 λῃστὴν
710 2612 845 2678 κτείνων
869 2638 919 2693 τις
940 2605 1054 2701 άθῷος
1075 2607 1115 2681 ἂν
1137 2609 1190 2702 εἰἠ
1211 2615 1267 2682 καί
1288 2612 1384 2682 αύτο-

126 2723 216 2808 χειρί
228 2723 307 2811 ῃκαὶ
323 2719 501 2790 κελεύων
515 2721 699 2808 καὶιβήφῳ.
729 2720 812 2784 Νον.
830 2737 887 2798 142
904 2742 931 2784 c.
949 2738 979 2782 1:
996 2717 1072 2798 τοὺς
1087 2715 1384 2802 ἐπιτάξαντος.

126 2831 299 2895 ›Incitare‹
333 2833 429 2913 igitur
458 2832 566 2893 statim
596 2826 826 2892 removendum
856 2847 927 2888 esse
956 2846 1053 2888 nemo
1085 2847 1150 2889 non
1170 2828 1273 2904 videt;
1297 2831 1384 2907 quod

122 2937 256 3016 quidem
285 2936 408 3000 tollitur
437 2936 598 3010 mendum,
629 2935 655 2997 si
682 2934 753 3013 quis
783 2951 858 2992 curn
885 2932 1190 3015 Forchhammer01)
1219 2926 1386 3017 βουλεύειν

122 3042 261 3105 verbum
276 3045 386 3105 vertit:
407 3051 585 3104 >auctorem
608 3060 678 3103 esse
693 3037 969 3100 intellectualem«.
1001 3036 1123 3101 Contra
1138 3038 1384 3121 grammaticam

122 3149 257 3230 quidem
286 3149 367 3210 haec
395 3147 500 3208 versio
531 3167 595 3208 non
624 3152 755 3227 peccat;
785 3150 895 3204 tamen
924 3163 988 3205 non
1017 3144 1120 3224 magis
1149 3163 1188 3206 ea
1216 3143 1384 3205 toleranda

120 3262 191 3332 est;
222 3254 310 3335 quod
339 3274 357 3316 e
386 3253 485 3315 totius
516 3252 578 3314 loci
600 3251 757 3314 sententia
779 3246 870 3309 facile
893 3248 1172 3312 demonstrabitur.
1217 3246 1383 3329 Quaecun-

122 3379 189 3441 que
215 3358 301 3420 enim
330 3357 549 3439 interpretatio
574 3357 606 3418 in
635 3376 674 3418 ea
703 3355 775 3436 lege
803 3356 886 3417 duos
914 3355 1080 3436 distinguit
1105 3353 1267 3427 homines,
1304 3352 1384 3417 falsa

123 3465 236 3547 utique
264 3473 320 3528 est.
361 3464 435 3544 Ipse
460 3462 556 3526 facias
585 3461 750 3536 iudicium;
780 3459 941 3523 constabit
967 3469 1043 3541 post
1071 3479 1168 3521 unam
1199 3478 1272 3521 eam
1294 3478 1384 3540 para-

123 3569 286 3650 graphum
315 3568 502 3651 perlectam.
546 3567 634 3630 And.
660 3566 753 3646 194:
783 3562 937 3648 Μέλητος
959 3555 995 3628 d'
1020 3549 1061 3629 αύ
1082 3555 1195 3628 ούτοσί
1216 3556 1383 3648 ἀπήγαγεν

124 3673 185 3740 ἐπὶ
214 3678 278 3740 τῶν
303 3669 477 3757 τριάκοντα
503 3673 647 3752 Λέοντα,
679 3661 722 3748 ὡς
743 3661 835 3750 ὑμεῖς
859 3663 1002 3748 ἅπαντες
1022 3663 1103 3748 ἐστε,
1131 3666 1190 3733 καὶ
1212 3661 1383 3732 ἀπέθανεν

124 3777 249 3859 ἐκεῖνος
271 3771 418 3864 άκριτος·
442 3774 500 3842 καὶ
523 3761 616 3853 οὗτος
639 3767 656 3840 ὃ
679 3768 777 3855 νόμος
797 3773 855 3840 καὶ
876 3768 1035 3857 πρότερον
1057 3760 1104 3859 ἦν,
1128 3771 1184 3836 καὶ
1209 3765 1254 3850 ὠς
1274 3773 1383 3849 καλῶς

126 3882 209 3966 έχων
238 3885 297 3951 καὶ
319 3886 372 3952 νύν
394 3879 474 3962 ἐστι,
495 3881 552 3946 καὶ
575 3884 700 3968 χρῆσθε
720 3874 809 3964 αύτῷ
825 3900 832 3944 :
849 3875 904 3945 τὸν
925 3874 1145 3963 βουλεύσαντα
1167 3875 1202 3943 ἐν
1222 3880 1269 3963 τῷ
1291 3869 1382 3963 αύτῷ

127 3989 302 4072 ἐνέχεσθαι
334 3988 393 4056 καὶ
424 3984 480 4054 τὸν
511 3989 551 4074 τῇ
583 3985 669 4069 χειρὶ
699 3979 925 4067 ἐργασάμενον.
976 3985 1067 4065 Ergo
1097 3983 1285 4047 Andocides
1313 4004 1382 4046 rem

124 4097 225 4159 habet
250 4117 323 4158 curn
353 4094 492 4168 Meleto‚
526 4093 579 4173 qui
609 4094 669 4154 sub
698 4091 829 4173 triginta
857 4091 997 4152 virorum
1030 4088 1217 4152 turbulento
1245 4090 1382 4171 imperio

125 4203 267 4266 coercuit
293 4201 454 4263 Leontem
481 4199 641 4278 mortique
670 4217 744 4260 eum
773 4196 861 4258 dedit
883 4195 1034 4258 insidiosa
1053 4195 1267 4258 accusatione.
1309 4194 1381 4275 Jam

211 4453 232 4520 ¹)
250 4455 284 4504 D.
302 4453 346 4503 Ar.
363 4468 416 4501 non
434 4467 473 4516 pr.
494 4467 519 4515 p.
537 4463 578 4516 31.
