3350 5284
621 475 663 484 ,.
709 455 833 519 33.-

94 619 241 672 mortem
271 610 407 691 paravit,
438 608 505 672 sive
527 608 616 672 dedit
638 609 715 690 ipse,
738 609 805 671 sive
828 628 887 690 per
908 607 1045 672 alterum
1068 607 1207 670 dandam
1226 607 1357 683 curavit,

93 716 166 778 sive
200 735 296 778 nemo
325 715 424 791 dedit,
455 734 530 776 cum
559 715 628 796 ipse
657 714 885 777 interimendus
914 713 1054 776 hauriret
1081 712 1248 793 potionem
1277 733 1304 775 e.
1332 734 1364 795 g.

95 841 228 884 veneno
258 819 289 883 in
320 829 455 902 puteum
486 819 601 883 iniecto
613 821 644 903 ¹).
688 819 774 882 Num
801 840 835 882 re
865 840 942 883 vera
964 818 1135 901 quisquam
1157 817 1217 881 sibi
1238 837 1365 899 persua-

94 926 191 992 debit
214 927 245 988 in
267 926 385 989 talibus
407 925 547 988 minutiis
572 934 698 987 tantum
720 925 866 1008 posuisse
889 923 1107 989 Athenienses
1127 931 1172 998 ut,
1195 943 1269 985 cum
1294 925 1366 1003 quis

97 1031 184 1095 forte
213 1032 283 1113 ipse
312 1050 377 1094 non
399 1031 540 1096 dedisset
561 1051 728 1106 venenum,
752 1039 927 1112 propterea
949 1032 991 1094 ad
1011 1031 1225 1111 Areopagum
1247 1028 1363 1092 deduci

94 1157 176 1200 eum
211 1156 278 1200 non
314 1137 516 1220 paterenturl
555 1129 631 1215 δοάς
663 1135 741 1199 illud
772 1135 941 1200 verbulum
975 1137 1063 1217 quod
1097 1135 1182 1197 hunc
1210 1135 1364 1215 produxit

16 1323 17 1326 ρ
94 1262 244 1305 errorem
266 1261 398 1324 prorsus
420 1241 482 1304 alia
507 1241 547 1304 de
569 1261 666 1304 causa
687 1241 832 1305 additum
855 1262 925 1306 esse
948 1262 992 1305 ex
1013 1242 1185 1305 verborum
1203 1247 1274 1302 tota
1289 1260 1364 1302 con-

16 1381 17 1402 r
95 1347 267 1410 stitutione
290 1345 381 1410 facile
403 1346 682 1410 demonstrabitur.
727 1347 893 1430 Respicias
916 1346 967 1410 vel
989 1367 1054 1409 uno
1077 1344 1171 1408 oculo
1194 1346 1236 1407 ad
1258 1353 1362 1408 totam

16 1515 17 1518 ,
98 1452 225 1534 legem:
267 1477 312 1518 ντ.
340 1451 431 1536 βοολ.
462 1447 607 1532 δικάζειν
637 1448 739 1536 φόνου
770 1450 922 1518 ἑκουσίου
949 1475 978 1518 κ.
1006 1443 1189 1536 τραύματος
1217 1445 1254 1514 ἐκ
1283 1472 1361 1533 προ-

95 1554 192 1636 νοίας
213 1581 242 1622 κ.
266 1559 435 1642 πυρκαϊᾶς
455 1581 484 1621 κ.
508 1550 707 1642 φαρμάκωνκ
733 1558 849 1640 requiri
869 1557 959 1620 vides
988 1557 1097 1620 statim
1124 1556 1304 1619 necessario
1326 1556 1359 1618 in

99 1663 182 1725 serie
211 1663 379 1726 criminum
408 1651 593 1743 genetivum
623 1657 818 1751 φαρμάκων;
850 1663 976 1726 additur
1005 1663 1034 1724 ei
1064 1660 1262 1725 enuntiatum
1283 1681 1359 1724 con-

96 1768 276 1832 dicionale:
301 1760 357 1834 ἐάν
377 1791 428 1846 τις
450 1757 627 1854 ἀποκτείνῃ
650 1764 727 1846 δοὺς
749 1768 814 1831 scil.
838 1761 1015 1857 φάρμακα;
1039 1767 1187 1829 nimirum
1203 1775 1259 1829 aut
1273 1764 1360 1829 bona

96 1893 173 1936 esse
202 1881 342 1956 possunt
371 1881 427 1935 aut
455 1872 540 1935 mala
569 1883 602 1936 et
630 1867 789 1962 φάρμακα
818 1884 852 1936 et
880 1893 1019 1950 venena;
1049 1873 1154 1954 agitur
1182 1880 1292 1934 autem
1319 1873 1360 1935 de

16 2013 17 2044 3
99 1980 206 2042 noxiis
234 1989 369 2052 tantum,
401 1977 516 2060 quibus
553 1998 640 2041 mors
677 1977 793 2042 effecta
825 1979 905 2060 sit2).
964 1978 1132 2060 Adempto
1165 1986 1274 2040 autem
1303 1976 1358 2039 illo

99 2085 270 2166 participio
293 2085 370 2165 quid
393 2083 543 2146 acciderit
564 2084 637 2165 legi,
669 2084 732 2146 iam
754 2083 880 2146 videas:
915 2078 1098 2172 φαρμάκων
1127 2080 1254 2144 iubetur
1286 2101 1359 2144 reus

16 2205 17 2208 ’
97 2188 167 2252 fieri
203 2181 278 2255 »ἐάν
304 2212 356 2267 τις
384 2179 592 2274 άντοκτοίνῃκ.
616 2188 767 2269 -Quid
796 2187 859 2251 hoc
888 2187 957 2251 esti
994 2209 1070 2251 num
1098 2186 1242 2250 veneficii
1274 2187 1358 2250 actio

16 2317 17 2324 ¹
99 2295 282 2370 instituitur,
314 2294 340 2357 si
363 2294 434 2376 quis
456 2294 608 2357 occiderit
631 2292 787 2357 alterum?
809 2293 967 2357 claudicat
989 2294 1058 2369 lex;
1082 2292 1172 2355 deest
1194 2293 1225 2354 id
1241 2292 1359 2373 ipsum,

99 2400 132 2462 in
162 2420 228 2482 quo
256 2399 354 2462 totius
383 2399 427 2462 rei
456 2400 555 2464 cardo
584 2409 737 2462 versatur.
789 2398 858 2474 Sic,
888 2408 923 2461 ut
950 2396 1167 2479 intellegatur,
1199 2397 1230 2459 in
1259 2418 1357 2480 quam

100 2503 309 2568 interficiendi
322 2504 480 2566 rationem
494 2513 614 2567 statuta
630 2505 670 2567 sit
685 2498 866 2589 φαρμάκων
880 2505 974 2578 actio,
995 2503 1127 2565 omnino
1141 2503 1355 2568 necessarium

99 2618 148 2672 est
169 2609 374 2692 participium
397 2603 482 2687 δούς.
1198 2661 1204 2696 ,
1300 2661 1304 2669 ,

185 2713 267 2795 Quis
294 2735 391 2796 porro
404 2716 552 2801 ignorat,
581 2723 737 2798 quantum
763 2714 940 2777 amaverint
969 2712 1083 2776 Graeci
1110 2713 1276 2795 participia
1304 2711 1356 2776 hic

100 2820 149 2883 vel
170 2820 234 2908 illic
249 2819 398 2883 addenda
412 2821 453 2882 ad
468 2820 695 2902 complendam
710 2819 901 2884 sententiam
918 2827 1015 2900 atque
1032 2816 1157 2898 planius
1172 2818 1355 2900 exprimen-

99 2927 183 3001 dam,
214 2945 254 2988 ne
284 2945 383 2987 unum
413 2925 532 2988 scilicet
560 2925 687 2989 deesset
715 2926 746 2988 in
775 2923 989 3004 descriptione
1018 2923 1151 2986 actionis
1173 2923 1354 2986 membrum

102 3032 148 3094 vel
169 3031 341 3114 parvulum
362 3041 461 3112 atque
481 3031 652 3108 minutum;
676 3030 718 3094 de
736 3029 833 3111 pleno
848 3029 1038 3110 depromam
1057 3028 1185 3110 quaein
1200 3038 1353 3111 promptu

101 3146 172 3201 sunt
202 3136 460 3217 frequentissima
477 3157 482 3198 :
499 3130 581 3216 ἔχων
610 3125 698 3218 άγων
727 3128 837 3218 λαβών
865 3127 981 3219 παρών
1007 3126 1117 3198 ἐλθών
1143 3126 1204 3198 ἰών
1225 3134 1287 3197 alia
1310 3136 1352 3198 in·

103 3241 310 3306 numerabilia
331 3241 475 3305 eiusdem
497 3250 610 3316 notae,
641 3260 723 3321 quae
746 3241 876 3322 quidem
898 3239 1007 3303 omnia
1032 3239 1064 3300 in
1087 3247 1198 3301 nostro
1220 3239 1352 3321 quidem

101 3367 249 3410 sermone
263 3346 457 3410 verbotenus
471 3347 497 3409 si
511 3353 684 3421 vertuntur,
702 3364 940 3428 supervacanea
959 3364 1057 3426 saepe
1072 3343 1239 3407 videantur
1255 3353 1353 3426 atque

102 3451 203 3516 inania
217 3489 262 3499 —
277 3451 380 3513 minus
399 3453 483 3513 enim
498 3459 646 3513 accurate
662 3470 722 3512 nos
736 3459 769 3513 et
783 3450 963 3532 cogitamus
978 3457 1012 3512 et
1026 3449 1202 3528 loquimur;
1222 3448 1352 3514 Graecis

100 3576 164 3620 non
187 3555 395 3621 abundabant
417 3576 540 3638 suoque
562 3555 629 3618 iure
649 3555 754 3637 posita
776 3563 860 3618 sunt.
897 3554 994 3619 Adeo
1009 3554 1149 3636 simplex
1169 3563 1220 3618 est
1234 3557 1351 3636 pueris

101 3681 162 3742 que
185 3662 374 3726 decantatus
396 3660 447 3723 hic
468 3661 709 3743 participiorum
731 3680 815 3736 usus,
842 3669 878 3723 ut
898 3659 1043 3742 pluribus
1066 3660 1256 3742 exposuisse
1278 3680 1352 3725 eum

103 3787 203 3849 paene
220 3788 272 3831 me
287 3768 423 3850 pudeat;
439 3767 589 3847 huncqui
605 3766 729 3830 noverit
744 3785 808 3828 non
819 3764 963 3828 offendet
973 3766 1005 3827 in
1015 3765 1149 3828 verbulo
1161 3761 1237 3844 δοάς
1247 3786 1351 3848 neque

101 3873 141 3934 ad
161 3892 347 3956 perversam
369 3872 443 3934 iuris
464 3871 760 3952 interpretationem
782 3868 951 3932 deflectere
974 3871 1059 3933 idem
1079 3871 1246 3934 conabitur
1255 3875 1285 3953 ³).

184 4025 206 4096 ξ)
226 4027 298 4075 Idem
316 4035 418 4077 censent
434 4027 515 4077 Meier
532 4026 693 4076 Schoemann
711 4025 811 4090 Lipsius
829 4028 882 4074 An.
900 4025 971 4076 Proc.
989 4042 1016 4090 p.
1036 4024 1085 4090 382
1104 4034 1165 4077 nota
1183 4037 1240 4090 529.

184 4114 207 4179 ²)
225 4117 279 4165 Aut
306 4114 413 4180 possit
441 4114 520 4173 erfici;
552 4131 662 4180 namque
687 4114 708 4164 si
732 4113 858 4164 veneficus
886 4115 919 4164 ad
945 4113 1022 4164 finem
1047 4130 1121 4164 snum
1146 4131 1199 4164 non
1226 4116 1350 4180 pervenit,

102 4212 202 4268 propter
221 4211 341 4254 conatum
359 4219 414 4252 reus
433 4201 487 4253 fieri
509 4204 584 4253 debet
602 4202 692 4254 eodem
713 4204 791 4253 modo
809 4210 885 4269 atque
897 4199 1008 4272 φονεύς,
1025 4203 1068 4270 qui
1085 4203 1226 4253 vulneravit
1243 4211 1350 4265 tantum,

103 4305 153 4340 non
169 4293 285 4343 necavit:
299 4287 455 4362 τραύματος
472 4291 509 4345 ἐκ.
527 4310 575 4361 πρ.
594 4308 650 4342 reus
668 4299 730 4342 erat.

184 4379 207 4445 ³)
226 4381 305 4430 Recte
329 4379 364 4430 ita
386 4380 529 4431 Boeckhius
554 4382 604 4431 iam
627 4381 710 4446 legem
733 4379 863 4431 intellexit.
904 4380 962 4430 Ind.
980 4380 1037 4431 lect.
1057 4380 1139 4430 Berol.
1160 4377 1270 4445 1826l27
1288 4397 1315 4446 p.
1337 4391 1351 4444 7

104 4465 221 4519 immerito
239 4478 374 4535 propterea
391 4469 544 4535 vituperatus
561 4486 577 4519 a
595 4470 817 4519 Forchhammero.

151 4553 268 4598 Passow.
1137 4556 1154 4610 3
