3350 5284
666 462 878 526 „15-

147 601 153 609 ’
229 625 357 681 Praeter
396 637 524 680 omnem
562 617 747 698 opinionem
784 624 893 678 autem
929 615 1051 689 accidit,
1090 616 1178 697 quod
1214 616 1246 677 in
1284 615 1399 678 eadem

136 725 288 787 oratione
327 725 359 804 (ξ
389 725 457 804 20),
496 723 642 805 quamvis
686 731 799 803 agatur
842 722 882 783 de
926 741 1065 793 veneno,
1107 720 1223 802 legitur
1265 720 1400 783 verbum

136 830 356 912 χειρουργεῖν;
388 828 476 908 quod
500 829 630 910 quidem
652 829 683 890 in
706 829 888 890 universum
910 826 995 889 idem
1018 825 1084 888 sere
1105 825 1281 907 significare
1303 827 1400 888 mani·

138 935 260 998 festum
279 943 328 997 est
350 942 447 1013 atque
467 932 551 1016 χειρὶ
574 927 770 1018 ἐργάζεσθαι
794 953 933 1015 quocum
956 932 1152 994 necessitatis
1171 932 1312 1013 quodam
1336 933 1399 994 vin·

136 1039 216 1103 culo
244 1048 330 1102 arcte
362 1040 571 1120 coniungitur.
615 1039 704 1120 Ergo
733 1038 777 1101 illi
805 1038 934 1120 quidem
956 1036 1056 1099 verbo
1080 1057 1141 1100 non
1165 1039 1280 1100 rectius
1302 1047 1399 1118 atque

138 1147 216 1208 huic
238 1146 269 1208 in
293 1145 370 1207 Ant.
392 1145 407 1206 Ι
430 1143 520 1208 locus
542 1146 766 1209 concedendus
788 1145 921 1208 videtur.
974 1143 1042 1204 Iam
1065 1162 1142 1205 vero
1163 1163 1203 1205 ne
1224 1153 1346 1206 temere
1368 1143 1399 1205 in

138 1272 216 1314 eam
247 1271 315 1313 rem
345 1251 466 1331 ingredi
488 1251 653 1313 videamur
674 1259 822 1312 accurate
843 1250 874 1311 in
896 1248 1030 1310 verbum
1053 1266 1181 1327 quoque
1203 1252 1400 1332 χειρουργεῖν

138 1356 348 1436 inquiramus,
1375 1343 1382 1358 ’

228 1469 413 1534 Videndum
442 1479 551 1533 autem
581 1470 639 1533 erit
662 1469 800 1552 primum
823 1467 864 1529 de
886 1467 1017 1528 notione
1039 1465 1175 1529 nominis
1196 1463 1398 1550 χειρουργός

139 1577 216 1638 Inde
239 1577 324 1638 enim
347 1575 481 1638 verbum
503 1574 580 1638 illud
602 1577 756 1657 originem
780 1574 873 1637 duxit
895 1572 1011 1634 eodem
1033 1570 1133 1633 modo
1151 1579 1248 1652 atque
1263 1595 1400 1654 κακουρ-

140 1684 213 1764 γεῖν
235 1702 254 1742 a
276 1682 464 1764 κακοῦργος,
487 1683 682 1764 πανουργεῖν
703 1701 721 1742 a
743 1680 927 1761 πανοῦργος
947 1686 1007 1739 etc.

227 1791 410 1879 χειρουργοί
439 1796 467 1855 ei
497 1802 652 1856 vocantur
681 1793 834 1867 hommes
867 1793 921 1874 qui
950 1811 1008 1872 per
1037 1810 1168 1852 manum
1197 1790 1318 1852 victum
1341 1791 1399 1854 sibi

139 1910 325 1980 quaerunt:
343 1901 479 1981 operarii
510 1899 771 1980 (Handwerker);
802 1896 1100 1979 complectebantur
1121 1895 1242 1978 antiqui
1264 1895 1324 1958 sub
1360 1917 1400 1959 eo

139 2005 271 2067 nomine
298 2004 435 2068 artifices
458 2006 563 2078 etIam,
587 2004 766 2085 sculptores
789 2011 822 2064 et
843 2003 992 2083 pictores.
1035 2000 1127 2063 Plato
1151 1999 1265 2082 Symp.
1289 2017 1398 2080 203a:

139 2099 223 2187 θεὸς
251 2100 283 2175 δ’
316 2102 486 2195 ἀνθρώπῳ
519 2103 556 2174 ού
591 2106 743 2193 μίγνυται
778 2097 863 2171 ἄλλοί
900 2102 957 2172 διὰ
992 2097 1105 2171 τούτου
1136 2109 1174 2185 (τ.
1214 2104 1400 2188 δαιμονίου)

139 2211 238 2279 πᾶσά
266 2213 355 2281 ἐστιν
381 2217 400 2296 ἡ
430 2207 545 2298 ὁμιλία
567 2212 624 2278 καὶ
646 2216 666 2294 ἡ
687 2209 856 2290 διάλεκτος
884 2215 980 2290 θεοῖς
1000 2207 1083 2293 πρὸς
1106 2201 1313 2294 ἀνθρώπους,
1342 2210 1399 2277 καὶ

139 2315 333 2404 ἐγρηγορόσι
357 2319 414 2386 καί
437 2317 674 2385 καθεύδουσιν·
698 2317 755 2382 καί
780 2309 797 2384 ὃ
818 2317 879 2400 μὲν
900 2315 976 2398 περὶ
997 2313 1038 2380 τὰ
1059 2318 1195 2382 τοιαῦτα
1213 2313 1317 2403 σοφὸς
1332 2318 1399 2382 δαι-

139 2418 255 2506 μόνιος
281 2418 370 2512 ἀνήρ,
400 2418 418 2492 ὃ
449 2419 479 2490 δ’
513 2416 593 2490 titio
622 2448 655 2489 τι
686 2419 789 2511 σοφὸς
811 2414 856 2488 ὢν
877 2413 899 2508 ἢ
920 2421 997 2506 περὶ
1019 2421 1132 2502 τέχνας
1154 2413 1174 2508 ἢ
1194 2420 1400 2506 χειρουργίας

137 2527 232 2608 τινὰς
254 2524 426 2613 βάναυσος,
469 2531 593 2593 Aelian.
618 2529 696 2594 Var.
718 2531 790 2592 hist.
814 2529 876 2591 XII
900 2545 936 2608 7:
959 2527 1016 2591 καὶ
1039 2527 1093 2611 τὴν
1115 2525 1241 2612 σφίγγα
1262 2522 1399 2610 Αἰγύπ-

138 2659 207 2701 τιοι
230 2635 413 2722 χειρουργοί
436 2632 610 2721 γλύφοντες
632 2637 810 2719 πειρῶνται
834 2629 997 2698 δεικνύναι
1021 2633 1075 2695 cfr.
1100 2634 1195 2694 XVII
1217 2650 1247 2712 9.

226 2750 386 2832 Imprimis
409 2761 516 2812 autem
538 2743 724 2833 χειρουργός
744 2757 878 2811 vocatur
900 2748 1042 2811 medicus
1063 2749 1151 2810 cuius
1173 2757 1223 2810 est
1236 2742 1328 2812 καίειν
1341 2745 1399 2812 καὶ

139 2854 283 2934 τέμνειν;
313 2859 344 2917 in
374 2856 482 2936 plures
512 2857 595 2917 emm
621 2855 723 2917 divisa
752 2864 800 2916 est
828 2865 937 2936 partes
959 2854 1156 2916 medicorum
1179 2874 1240 2932 ars,
1263 2872 1398 2933 quarum

139 2959 242 3022 altera
264 2961 396 3024 morbos
426 2970 517 3026 sanat
547 2961 686 3035 venenis,
709 2961 828 3036 diaeta;
849 2958 949 3022 altera
967 2958 1150 3021 vulneribus
1179 2978 1313 3040 operam
1343 2957 1400 3019 dat

139 3067 298 3140 curandis,
322 3067 559 3147 amputationes
580 3074 714 3141 tractat;
741 3065 878 3143 denique
900 3065 1008 3127 omnia
1030 3085 1068 3126 ea
1091 3085 1172 3146 quae
1187 3084 1245 3145 per
1268 3084 1398 3126 manum

140 3180 306 3250 geruntur.
352 3170 463 3236 Galen.
488 3171 518 3232 in
540 3171 639 3252 Hipp.
664 3173 694 3232 d.
718 3171 791 3232 vict.
815 3180 898 3232 aeut.
921 3170 935 3231 I
961 3184 975 3248 5
1000 3169 1065 3230 XV
1087 3184 1147 3248 425
1167 3170 1216 3232 K:
1239 3162 1398 3250 καθάπερ

142 3266 163 3360 ἡ
189 3269 246 3338 διὰ
269 3276 419 3354 συνήθων
443 3277 550 3356 τομῶν
571 3297 605 3338 τε
629 3273 685 3338 καὶ
709 3268 856 3339 καύσειαν
876 3272 934 3338 καί
955 3277 1019 3339 τῶν
1040 3266 1148 3339 {itum
1170 3269 1231 3341 ὅσα
1254 3267 1311 3337 διὰ
1333 3295 1396 3352 χει-

140 3381 206 3461 ριῦν
229 3377 403 3464 ἐνεργεῖται
426 3379 612 3465 χειρουργία
635 3379 714 3462 (scil.
737 3381 909 3458 καλεῖται).
953 3380 1043 3442 Philo
1061 3381 1133 3461 Jud.
1154 3381 1168 3443 I
1189 3379 1249 3458 526
1270 3378 1396 3459 Mang.:

140 3477 331 3568 φαρμάκοις
347 3481 407 3569 γὰρ
424 3485 480 3551 καὶ
495 3483 713 3568 χειρουργίαις
731 3483 788 3547 καὶ
804 3483 951 3561 διαίταις
966 3473 1040 3548 ἀλλ’
1062 3475 1100 3548 ού
1121 3475 1233 3567 λόγοις
1252 3477 1287 3547 αί
1304 3477 1396 3548 νόσοι

138 3582 397 3672 θεραπεύονται.
442 3589 531 3653 Sext.
562 3591 684 3671 Empir.
714 3591 787 3652 adv.
817 3590 861 3655 M.
889 3590 904 3651 I
932 3603 971 3669 95
1007 3589 1091 3667 (adv.
1122 3587 1266 3651 Gramm.
1296 3609 1323 3655 c.
1353 3591 1396 3669 4).

138 3694 223 3756 Plut.
254 3695 374 3757 Marius
396 3697 425 3757 6.
464 3694 571 3759 Schol.
590 3696 625 3758 Il.
649 3695 734 3758 Ven.
757 3695 793 3758 B.
816 3695 867 3757 ad.
890 3699 929 3759 A
951 3694 1033 3774 515).
1077 3693 1171 3756 Nunc
1193 3695 1289 3756 etiam
1311 3694 1397 3774 apud

142 3818 204 3860 nos
238 3800 414 3863 medicinae
437 3812 583 3864 creantur
604 3801 768 3864 doctores:
806 3799 1012 3873 ›MedicInae,
1045 3798 1223 3882 chirurgiae
1256 3800 1397 3878 artisque

139 3903 375 3973 obstetriciae«,

226 4009 358 4072 Prorsus
387 4011 517 4073 easdem
539 4011 687 4073 notiones
708 4009 839 4073 e'xhibet
860 4008 994 4070 verbum
1014 4012 1229 4092 χειρουργεῖν;
1259 4011 1396 4091 genuina

139 4114 188 4175 vis
235 4136 310 4196 »per
354 4135 483 4178 manum
528 4135 641 4197 agere<
688 4137 752 4178 non
794 4114 919 4176 delituit
961 4113 1048 4193 (nel.
1076 4113 1117 4176 V.
1149 4115 1179 4179 h.
1209 4115 1256 4177 IX
1289 4131 1322 4176 11
1356 4115 1396 4176 de

140 4219 316 4300 pingendo.
359 4220 440 4283 Plut.
471 4220 553 4282 Mor.
584 4236 621 4302 71
652 4221 695 4286 A.
724 4221 754 4282 d.
778 4220 926 4300 medico).
971 4216 1054 4280 Cum
1084 4220 1124 4280 de
1155 4223 1253 4282 caede
1283 4230 1397 4302 agatur

142 4324 294 4417 nImirum
324 4324 483 4406 significat
499 4345 505 4388 :
521 4325 687 4389 vulnerare
710 4324 869 4388 trucidare
891 4346 897 4386 :
918 4324 1022 4390 Thuc.
1052 4323 1131 4386 VIII
1161 4326 1217 4405 69:
1260 4319 1397 4390 »τούτων

142 4426 403 4514 διατεταγμένων
421 4421 526 4506 Ἰούτονς
548 4425 701 4509 ἐλθόντες
716 4425 746 4495 οἳ
766 4423 972 4512 τετρακόσιοι
989 4423 1071 4511 μετὰ
1086 4428 1235 4515 ξιφιδίου
1252 4421 1397 4518 ἀφανοῦς
