3350 5284
661 465 871 530 -η,

128 639 208 682 eam
229 639 299 682 esse
319 639 337 681 e
359 619 468 682 multis
488 618 695 682 interficiendi
717 619 902 696 rationibus,
926 619 1100 701 opponitur
1121 621 1150 682 ei
1173 619 1303 700 quaevis
1323 620 1394 694 alia,

128 745 210 786 curn
241 725 311 807 quis
347 723 525 786 insidias
561 723 820 787 machinatus
856 724 1070 806 quaslibet
1107 724 1396 788 clandestinas

130 828 316 892 consilio
360 830 493 910 tnagis
538 847 657 910 quarn
700 832 737 892 vi
780 839 928 911 aperta
971 829 1168 909 (verberibus
1200 828 1395 911 vulneribus)

130 944 276 998 mortem
302 935 463 1016 paraverit
471 935 503 1014 1).
557 933 648 996 Haec
670 944 778 998 autern
801 935 975 1016 explicatio
997 955 1096 1017 quarn
1122 935 1205 998 bene
1227 938 1396 999 conveniat

130 1040 294 1121 genuinae
316 1037 404 1102 verbi
426 1033 593 1120 βουλεύειν
615 1039 737 1103 11οείοηί
760 1059 824 1102 non
848 1060 931 1121 opus
953 1047 1003 1102 est
1024 1039 1132 1102 multis
1154 1041 1274 1122 exponi
1282 1042 1315 1122 ²).

226 1318 246 1384 ¹)
264 1297 343 1368 Miror
365 1333 441 1384 quam
464 1333 545 1383 prope
568 1319 618 1368 iam
642 1320 676 1368 ad
694 1336 781 1369 verum
799 1320 911 1384 aggressi
929 1328 1013 1371 tamen
1033 1320 1066 1368 ad
1085 1320 1148 1369 salsa
1167 1318 1265 1385 delapsi
1283 1319 1333 1368 sint
1350 1319 1396 1368 viri

133 1407 216 1458 docti.
251 1407 302 1456 Vix
319 1405 454 1456 credideris
471 1407 580 1456 eundem
599 1423 614 1472 a
631 1423 682 1473 quo
708 1408 851 1456 »incitatio«
873 1409 951 1458 oritur
972 1408 1215 1458 Forchhammerum
1237 1408 1317 1472 loqui,
1337 1422 1395 1455 cum

132 1495 226 1544 audias
244 1493 283 1559 (d.
303 1497 348 1544 Ar.
369 1511 394 1544 n.
412 1495 475 1559 priv.
497 1511 523 1560 p.
541 1494 597 1560 30):
631 1496 697 1544 >Est
719 1512 776 1545 νινο
799 1490 944 1562 βούλευσις
964 1497 994 1544 id
1008 1497 1107 1553 crimen,
1131 1512 1181 1559 quo
1198 1497 1257 1560 quis
1274 1511 1396 1560 quacum-

131 1598 185 1647 que
207 1583 243 1631 sit
259 1585 356 1632 ratione
372 1583 425 1646 ipse
442 1588 525 1632 tamen
542 1599 559 1631 α
576 1588 685 1636 necando
705 1600 820 1634 manus
837 1585 974 1644 abstinens,
993 1584 1116 1632 hominem
1128 1585 1204 1633 morti
1214 1585 1316 1632 studeat
1325 1584 1394 1633 dare.

132 1672 251 1721 similiter
268 1673 362 1721 Weber
379 1670 412 1719 ad
430 1672 506 1721 Dem.
525 1671 721 1723 Aristocrateam
739 1689 765 1738 p.
785 1672 833 1734 148
850 1689 891 1723 n.:
915 1665 1068 1738 βούλευσις,
1094 1689 1147 1736 qua
1170 1672 1228 1737 quis
1246 1686 1276 1720 ex
1294 1672 1397 1719 insidiis

132 1762 179 1808 vel
193 1761 247 1808 alia
266 1760 363 1808 ratione
379 1775 430 1807 non
448 1760 555 1808 admotis
573 1760 690 1808 manibus
709 1763 817 1810 alternam
835 1776 922 1810 necare
939 1761 1047 1811 studuit.

223 1848 244 1914 ²)
264 1849 347 1914 Supra
369 1864 395 1912 p.
415 1859 440 1909 9.
472 1849 521 1898 iam
552 1848 639 1898 monui
667 1850 763 1914 opponi
792 1866 867 1915 posse
893 1849 1039 1900 »consilium
1063 1849 1162 1899 moliri«
1185 1874 1220 1884 -
1248 1847 1394 1906 ›efficere‹;

133 1936 209 1984 cuius
232 1936 363 1986 antithesis
384 1936 454 2001 prior
479 1953 538 2002 pars
561 1953 619 1986 cum
639 1937 792 2002 exprimatur
813 1953 859 2002 per
876 1935 1029 2004 βουλεύειν,
1053 1938 1134 1987 altera
1151 1945 1179 1986 ut
1195 1953 1241 2001 per
1256 1939 1332 2008 χειρὶ
1350 1937 1394 2008 ἔρ·

132 2017 273 2092 γάζεσδαι
290 2023 363 2074 unice
379 2025 529 2089 proferatur,
550 2033 647 2074 tantum
664 2027 736 2076 abest
754 2034 782 2075 ut
799 2026 943 2090 saepissime
961 2026 1074 2076 invenias
1094 2027 1173 2075 verba
1190 2029 1292 2088 ποιεῖν,
1307 2018 1395 2096 πράτ-

133 2129 210 2177 τειν,
234 2112 307 2182 δρᾶν
329 2121 378 2162 etc.
415 2113 536 2178 Aeschyl.
556 2117 608 2179 Ag.
631 2114 709 2178 1605:
742 2107 772 2173 ὃς
798 2112 850 2166 οὐκ
873 2109 968 2180 ἐπειδὴ
991 2108 1060 2182 τῷδ’
1087 2110 1254 2180 ἐβούλευσας
1279 2107 1396 2183 μύρονΙ

134 2198 269 2270 δρᾶσαι
293 2195 357 2254 τὸδ’
382 2199 466 2270 ἔργον
490 2200 541 2253 οὐκ
565 2201 643 2268 ἔτλης
665 2197 847 2260 αὐτοκτόνως.
882 2204 983 2253 Andoc.
1004 2204 1030 2250 ll
1049 2215 1094 2251 20:
1122 2200 1186 2258 τοὺς
1205 2195 1310 2273 ἄνδρας
1328 2200 1394 2260 τοὺς

135 2293 228 2339 ταῦτα
245 2285 502 2354 βουλεύσαντας-
519 2292 566 2342 καὶ
583 2284 798 2362 πράξαντας.
834 2293 901 2341 Xen.
922 2291 1014 2356 Cyrop.
1031 2292 1097 2340 VIII
1117 2302 1141 2353 7,
1161 2304 1192 2355 3:
1212 2288 1281 2361 prise
1298 2285 1398 2357 ἀσεβὲς

131 2375 228 2448 μηδὲν
246 2413 253 2427 .
272 2415 278 2428 .
298 2413 304 2427 .
322 2371 391 2446 μήτε
411 2374 580 2446 ποιήσητε
597 2377 666 2450 μήτε
684 2375 867 2446 βουλεύοντες
883 2381 946 2429 ibid.
967 2380 1007 2428 Ill
1027 2393 1049 2438 1,
1072 2390 1118 2443 15:
1146 2371 1197 2430 ὅσα
1214 2374 1396 2446 βεβούλευται

132 2458 153 2529 ἢ
171 2457 226 2517 ὅσα
243 2468 413 2535 πέπρακε.
451 2469 529 2518 Βίου.
549 2469 610 2517 Hal.
629 2469 707 2517 Arch.
727 2471 760 2518 R.
781 2470 808 2517 II
829 2465 890 2516 118:
910 2466 976 2525 τοὺς
997 2470 1161 2539 πατρικίους
1178 2470 1326 2533 βουλεῦσαι
1345 2462 1395 2519 τὸν

135 2548 441 2626 φόνον...πρᾶξαι
464 2556 496 2609 δὲ
520 2551 552 2608 τὸ
576 2557 658 2626 ἔργον
675 2557 706 2609 ἐν
722 2558 760 2623 τῷ
774 2557 969 2624 βουλευτηρίῳ.
1003 2556 1101 2630 ΙιιΙίαιι.Ι
1115 2555 1142 2605 in
1164 2556 1297 2606 Constant.
1322 2557 1393 2605 laud.

135 2642 171 2690 26
182 2644 228 2693 B.:
249 2645 370 2695 Γαλατία
383 2642 497 2716 ἀδελφῷ
508 2647 546 2714 τῷ
559 2646 599 2712 oui
609 2644 758 2711 ἐβούλευσέ
767 2662 796 2698 τε
807 2647 856 2695 καὶ
867 2644 1004 2696 ἐτέλεσε
1015 2641 1066 2696 τὸν
1080 2637 1178 2712 φόνον.
1198 2645 1287 2706 Synes.
1299 2647 1348 2710 Ep.
1359 2657 1396 2704 44

133 2747 164 2795 p.
188 2730 232 2780 181
254 2733 304 2782 D.:
330 2731 363 2784 οὐ
381 2726 516 2802 πράξας
534 2729 604 2786 ἀλλὰ
620 2728 774 2800 βουλεύσας
785 2730 835 2785 τὸν
848 2725 1091 2802 ‹prison-Verba
1102 2740 1186 2782 autem
1198 2736 1276 2803 χειρὶ
1288 2725 1397 2799 3974&-
1425 2777 1429 2786 ·

135 2821 215 2882 σθαι,
230 2825 409 2892 χειρουργεῖν
427 2823 463 2872 ita
474 2824 576 2872 demum
587 2832 725 2887 ponuntur,
746 2823 789 2872 ubi
798 2837 824 2870 re
833 2837 894 2871 vera
905 2821 929 2869 vi
941 2820 1073 2870 manifesta
1088 2820 1184 2886 aliquid
1197 2829 1326 2885 peractum
1342 2837 1396 2870 esse

135 2909 330 2972 exprimendum
353 2919 399 2960 est.
436 2910 481 2960 cfr.
498 2913 575 2961 Dem.
597 2911 662 2959 XIX
680 2923 722 2960 21.
759 2910 851 2960 Aesch.
870 2911 897 2957 ll
917 2920 974 2971 117.
1010 2910 1086 2958 Falso
1110 2909 1186 2973 igitur
1202 2918 1305 2973 putatur
1319 2910 1397 2980 χειρί

135 2989 306 3066 ἐργάζεσθαι
325 2999 446 3048 terminus
466 2999 569 3064 quidam
588 3014 641 3048 esse
659 2998 789 3049 technicus
809 2999 842 3047 de
861 2996 1010 3047 »efficiendo
1029 2997 1130 3046 alterius
1148 2997 1280 3047 consilio«.

223 3085 284 3134 Non
302 3086 385 3136 minus
403 3087 560 3138 confidenter
577 3103 660 3152 neque
677 3087 760 3136 minus
778 3086 843 3135 salso
859 3085 937 3150 vulgo
953 3086 1067 3146 credunt,
1087 3085 1111 3134 ei
1131 3087 1173 3151 qui
1187 3085 1320 3134 consilium
1334 3101 1396 3136 con-

136 3173 215 3237 cepit,
235 3174 273 3241 τῷ
289 3170 480 3239 βουλεύσαντι,
506 3177 592 3241 utique
609 3175 707 3241 opponi
724 3175 816 3224 debere
834 3174 974 3223 alterum
992 3174 1153 3223 hominem
1172 3175 1216 3238 qui
1228 3175 1305 3224 efficit
1316 3175 1394 3235 illud;

135 3261 210 3324 quasi
227 3278 281 3312 non
299 3272 384 3326 posset
401 3279 465 3312 unus
482 3263 601 3329 idemque
618 3264 697 3314 homo
717 3271 743 3314 et
759 3262 893 3312 consilium
905 3263 1037 3327 concipere
1051 3270 1077 3312 et
1087 3277 1209 3327 peragere
1220 3265 1288 3312 remi
1308 3263 1399 3312 Paucis

135 3348 203 3398 haec
225 3364 265 3398 res
288 3349 444 3401 illustranda.
482 3353 521 3400 Ex
546 3352 668 3417 opinione
685 3352 788 3416 quidem
806 3350 897 3401 accidit
913 3351 1011 3416 vulgari
1030 3350 1101 3415 quod
1118 3351 1237 3412 Aeschyl.
1257 3352 1308 3415 ng.
1331 3351 1396 3416 1585

135 3451 168 3484 ex
187 3437 313 3502 Aegistho
329 3439 465 3504 quaeritur,
485 3457 546 3489 num
563 3437 707 3507 ἐβούλευσε
721 3439 825 3490 caedem
836 3433 1050 3506 Agamemnonis3
1068 3455 1125 3489 curn
1137 3455 1189 3488 rem
1201 3455 1254 3487 non
1265 3439 1398 3503 perfecerit

135 3524 202 3588 ipse,
230 3525 263 3576 de
285 3527 414 3577 incitando
438 3529 488 3577 hoc
511 3529 617 3579 sortasse
638 3529 752 3578 videatur
776 3528 821 3576 tibi
845 3527 939 3578 dictum
963 3544 1024 3578 esse.
1063 3531 1099 3577 At
1120 3528 1170 3576 hoc
1192 3543 1245 3576 non
1264 3527 1396 3576 ferendum

136 3628 193 3662 esse
215 3615 248 3664 V.
275 3614 339 3680 1598
362 3615 532 3675 demonstrat;
563 3633 594 3666 ex
621 3617 818 3682 Clytaemnestra
842 3617 923 3678 enim,
953 3618 1022 3666 cuius
1046 3617 1139 3666 crimen
1161 3615 1395 3665 incitationem

135 3717 193 3750 esse
216 3718 292 3752 nemo
315 3702 459 3764 affirmabit,
488 3713 641 3769 quaeruntur
657 3705 760 3754 eadem:
786 3700 872 3772 γύναι
895 3699 930 3756 σὺ
947 3741 954 3756 .
973 3741 980 3756 .
998 3741 1030 3755 ..
1053 3703 1136 3776 ἀνδρὶ
1154 3704 1298 3774 στρατηγῷ
1316 3699 1392 3756 τὸνδ’

136 3785 305 3854 ἐβούλευσας
327 3786 433 3864 μόραις
458 3809 534 3843 »num
558 3800 586 3842 tu
604 3793 712 3842 struxisti
730 3792 789 3841 duci
807 3794 942 3843 caedem?
967 3820 1002 3830 -
1023 3794 1102 3844 Vides
1122 3794 1198 3858 igitur
1216 3789 1266 3845 τὸν
1282 3789 1397 3858 βουλεύ-

137 3893 228 3933 σαντα
247 3898 300 3930 non
318 3898 363 3947 per
382 3882 488 3931 alterum
506 3897 604 3947 semper
622 3881 666 3930 sed
683 3881 766 3947 ipsum
784 3882 860 3931 etiam
876 3897 952 3946 posse
968 3898 1022 3932 rem
1038 3882 1167 3947 perficere.

228 3970 312 4020 Etiam
331 3973 407 4021 Dem.
425 3971 491 4020 XIX
510 3983 540 4019 21
567 3985 655 4018 vereor
671 3984 704 4018 ne
722 3969 787 4020 falso
804 3971 978 4035 intellegatur:
1011 3970 1136 4033 ,Thebani
1154 3967 1248 4036 (utqui
1266 3973 1396 4021 consilinm

137 4057 267 4123 dederint)
281 4075 334 4108 non
347 4059 429 4108 minus
439 4066 497 4108 sunt
506 4057 629 4123 puniendi
641 4072 717 4122 quum
729 4057 879 4108 Phocenses'
888 4055 942 4123 (qui
953 4074 1005 4108 rem
1016 4057 1185 4125 perfecerunt)
1196 4085 1229 4094 -
1238 4061 1397 4124 nequeenim

136 4147 279 4196 Thebanos
302 4147 434 4196 consilium
457 4147 557 4196 dedisse
580 4145 762 4206 PhooensibuS,
787 4163 869 4212 neque
893 4147 919 4195 in
940 4153 1059 4211 utrosque
1077 4147 1222 4212 Philippum
1238 4148 1396 4198 invecturum

137 4251 194 4285 esse
211 4235 309 4286 dixerat
321 4237 467 4296 Aeschines,
488 4235 533 4284 sed
551 4233 577 4284 in
595 4235 733 4284 Thebanos
752 4235 918 4300 potissimum.
944 4226 1086 4288 διδάσκειν
1104 4233 1159 4304 γὰρ
1176 4229 1260 4295 αύτός
1278 4233 1396 4301 (Aesch.)

137 4325 193 4392 ἔφη
212 4321 263 4376 τὸν
280 4325 426 4376 Φίλιππον
444 4315 487 4374 ὅτι
507 4320 590 4376 οὐδὲν
607 4309 690 4389 ἧττον
709 4316 874 4390 ἠσεβήκεσαν
893 4325 921 4376 ol
931 4319 1143 4390 βεβουλευκότες
1155 4323 1210 4376 τῶν
1222 4329 1283 4383 ταῖς
1292 4327 1395 4394 χερσὶν

192 4418 310 4460 PassoW.
1173 4439 1188 4474 2
