3350 5284
820 447 1033 508 „13-

386 619 441 682 Ad
464 618 616 681 amussim
653 626 760 679 autem
797 636 835 679 ea
871 619 1030 679 consentit
1059 636 1133 679 cum
1162 616 1426 698 Harpocratione,
1457 638 1556 699 quem

300 725 460 788 immerito
490 731 678 805 spreverunt
706 720 853 784 homines
882 721 969 785 docti
997 723 1088 804 quasi
1117 721 1231 785 nullius
1261 733 1345 786 esset
1378 724 1487 804 pretii;
1524 724 1557 786 id

301 834 406 913 ipsum
445 829 528 891 enim
558 829 646 908 quod
676 848 718 889 ex
748 825 927 890 oratoribus
956 825 1112 889 efficimus
1141 825 1222 888 illius
1250 827 1404 890 indicatur
1431 827 1553 890 verbis:

304 932 361 1015 »ἐξ
389 932 566 1018 ἐπιβουλῆς
588 925 838 1013 κατασκευάζειν
859 926 1034 996 θάνατονκ.
1078 931 1154 994 Non
1175 933 1285 996 debuit
1308 933 1360 996 ille
1383 935 1555 997 contemni.

384 1040 571 1104 Andocides
592 1048 700 1101 autem
723 1057 788 1101 non
810 1039 874 1100 iam
890 1072 935 1084 -
949 1037 980 1098 id
1003 1038 1091 1119 quod
1105 1037 1338 1118 ineptissimum
1354 1048 1440 1101 esset
1456 1048 1554 1118 atque

300 1146 467 1209 ridiculum
499 1183 537 1190 -
566 1143 687 1206 auctori
716 1140 920 1204 intellectuali
956 1142 1092 1223 opponit
1118 1143 1219 1223 (194)
1249 1152 1412 1206 auctorem
1448 1143 1554 1226 physi-

301 1271 390 1315 cum:
415 1251 434 1314 i.
458 1270 485 1312 e.
508 1247 708 1322 carnificem;
738 1247 794 1310 sed
823 1267 900 1308 sane
930 1255 962 1309 et
984 1246 1090 1309 sobrie
1111 1247 1217 1329 legem
1240 1249 1377 1330 quaein
1399 1249 1555 1312 Meletum

300 1355 437 1436 quadrat
459 1353 581 1434 profert
597 1352 694 1416 hanc:
723 1351 782 1414 »Si
805 1353 897 1432 quis
920 1352 1124 1416 insidiose
1145 1355 1407 1418 machinatus
1428 1355 1551 1417 inter·

305 1457 476 1521 >lecerit
504 1459 695 1534 alterum,
734 1459 772 1520 in
801 1456 943 1519 eodem
971 1466 1168 1520 teneatur
1197 1480 1241 1523 ac
1274 1460 1307 1522 si
1341 1469 1555 1522 cruentam

304 1565 490 1627 ,caedem
512 1563 749 1627 effecisset:
779 1562 800 1625 i.
823 1583 851 1624 e.
875 1564 1079 1625 tenendus
1101 1563 1176 1625 sub
1199 1557 1327 1651 φόνου
1351 1564 1554 1646 legibus«!

301 1670 357 1733 Ad
385 1669 468 1732 hanc
499 1670 628 1749 quidem
652 1669 757 1750 legem
783 1667 956 1730 rectissime
978 1669 1167 1749 provocavit
1189 1668 1391 1748 Andocides;
1415 1690 1556 1750 namque

300 1775 465 1838 occiderat
494 1773 632 1837 Meletus
663 1775 823 1837 Leontem
851 1792 916 1834 non
944 1771 1038 1854 χειρὶ,
1066 1774 1125 1855 ¹sed
1153 1775 1281 1837 nomine
1311 1756 1419 1838 delato
1450 1775 1556 1838 iniusti

302 1881 407 1944 iudicii
428 1879 577 1962 periculis
599 1900 673 1941 eum
696 1879 810 1953 obruit,
835 1879 943 1960 itaque
966 1887 1079 1941 auctor
1100 1880 1129 1941 ei
1151 1880 1258 1941 extitit
1279 1881 1400 1944 mortis.

387 1985 439 2049 Sic
469 1993 501 2050 et
530 1994 675 2046 oratores
705 1992 853 2047 accurate
880 1984 1077 2064 interpretati
1100 1984 1455 2066 Harpocrationemque
1485 1985 1556 2048 tuiti

301 2227 481 2301 πραξάντων;
502 2232 587 2297 itaque
604 2233 638 2281 ita
658 2227 822 2295 explicandus
841 2228 887 2277 erit
904 2228 989 2277 locus:
1010 2230 1127 2279 Thebani
1145 2231 1171 2278 in
1189 2232 1274 2280 animo
1293 2231 1395 2296 quidem
1413 2231 1557 2279 habuerunt

302 2321 496 2387 occupationem
513 2317 615 2382 templi;
636 2316 769 2366 consilium
787 2324 870 2366 autem
889 2333 935 2381 pro
947 2318 1015 2367 sacto
1027 2320 1173 2368 habendum
1184 2348 1219 2357 -
1231 2335 1292 2383 ergo
1304 2319 1421 2368 Thebani
1433 2319 1556 2383 puniendi

302 2419 361 2460 sunt
378 2426 431 2459 non
448 2409 530 2458 minus
547 2423 576 2455 ac
594 2406 615 2455 si
631 2422 658 2455 re
677 2421 736 2454 vera
754 2405 851 2454 facinus
869 2406 1059 2457 commisissent.

385 2498 476 2563 Neque
499 2496 590 2546 Aesch.
615 2495 641 2542 II
665 2504 711 2555 117
737 2495 802 2543 duae
826 2503 884 2542 sunt
910 2493 1040 2553 factiones,
1065 2511 1170 2561 quarum
1194 2495 1264 2544 alteri
1287 2495 1418 2544 consilium
1437 2497 1557 2544 convenit

301 2587 372 2636 alteri
395 2601 433 2635 res
455 2584 614 2650 peragenda:
640 2581 827 2651 συλλεγέντων
851 2581 883 2633 δὲ
904 2583 960 2632 τῶν
977 2576 1185 2654 Ἀμφικτυόνων
1210 2585 1248 2642 εἰς
1272 2578 1303 2635 τὸ
1322 2580 1422 2655 ἱερὸν.
1441 2620 1448 2633 .
1467 2621 1473 2633 .
1492 2583 1558 2644 τοὺς

302 2678 410 2733 αἰτίους
439 2675 486 2737 τῆς
517 2673 546 2733 ἐξ
573 2667 659 2743 άρχῆς
687 2666 866 2737 καταλήψεως
896 2675 946 2722 τοῦ
971 2673 1048 2739 ἱεροῦ
1077 2671 1156 2732 δίκης
1184 2666 1278 2734 ἠξίουν
1311 2676 1412 2740 τυχεῖν,
1437 2669 1476 2737 μὴ
1506 2668 1558 2732 τάς

262 2777 264 2784 “
303 2762 443 2834 πατρίδας
460 2756 518 2812 ἀλλ’
539 2757 640 2819 αὐτούς
660 2759 724 2819 τοὺς
741 2755 995 2830 χειρουργήσαντας
1012 2763 1058 2810 καλ
1076 2756 1287 2824 βουλεύσαντας,
1317 2761 1427 2810 Eosdem
1440 2761 1557 2811 homines

301 2854 449 2916 intellegere
467 2851 588 2900 debemus
607 2848 708 2907 αὐτούς
725 2847 790 2908 τοὺς
805 2842 1059 2920 χειρουργήσαντας
1075 2851 1122 2899 καὶ
1142 2845 1351 2913 βουλεύσαντας,
1390 2850 1416 2898 Si
1434 2851 1500 2898 enim
1513 2851 1557 2899 alii

301 2943 414 2999 fuissent,
435 2939 478 3004 qui
498 2939 631 2986 consilium
649 2937 730 2986 moliti
748 2946 839 2997 essent,
861 2937 979 2986 articulus
997 2945 1055 2997 ante
1074 2934 1277 3001 βουλεύσαντας
1296 2954 1349 2986 non
1361 2938 1443 3003 potuit
1458 2939 1554 2988 deesse.

301 3031 342 3080 Ne
366 3046 426 3079 vero
453 3042 665 3092 supervacaneum
687 3033 760 3090 putes
786 3042 838 3075 esse
861 3027 911 3076 hoc
934 3026 1048 3074 verbum.
1086 3026 1124 3074 Ex
1147 3042 1178 3074 eo
1197 3027 1263 3075 enim
1281 3027 1352 3091 quod
1369 3042 1421 3075 rem
1440 3027 1557 3076 dicuntur

303 3121 452 3184 βουλεῦσαι
471 3115 555 3174 etiam,
575 3113 699 3178 gravioris
717 3114 826 3162 criminis
844 3113 976 3162 deducitur
999 3122 1184 3176 argumentum,
1205 3113 1300 3179 quippe
1317 3131 1374 3163 cum
1392 3114 1471 3163 maius
1488 3116 1556 3165 vide·

302 3218 377 3258 antur
399 3221 525 3272 peccasse,
551 3202 594 3268 qui
618 3210 701 3251 totum
719 3202 836 3251 facinoris
855 3201 986 3251 consilium
1005 3202 1166 3265 conceperint
1183 3210 1207 3251 et
1224 3203 1341 3262 foverint,
1362 3219 1437 3268 quam
1455 3204 1474 3252 si
1492 3204 1557 3254 forte

302 3315 354 3347 uno
378 3294 476 3361 repenti
498 3292 607 3360 impulsu
631 3291 698 3355 capti
716 3291 749 3339 ad
767 3291 818 3339 vim
835 3298 861 3339 et
879 3304 948 3337 arma
964 3289 1029 3353 rapti
1047 3304 1100 3337 esse
1116 3289 1266 3339 viderentur.
1303 3291 1423 3341 Conferas
1440 3293 1473 3341 ad
1491 3294 1557 3342 hanc

301 3403 355 3436 rem
379 3385 448 3434 And.
473 3383 499 3431 11
525 3395 569 3432 τοι
600 3376 653 3448 ἐγὼ
680 3383 776 3431 τοίνυν
800 3386 924 3435 τοιοῦτος
945 3414 950 3426 .
969 3414 975 3426 .
995 3372 1145 3447 ἐγενόμην,
1178 3372 1246 3431 ὥστε
1270 3378 1335 3435 τούς
1360 3373 1464 3452 ἄνδρας
1492 3380 1558 3441 τοὺς

303 3479 390 3526 ταῦτα
414 3466 618 3538 βουλεύσαντας
642 3464 686 3540 ἐφ’
706 3467 772 3537 ύμῖν
790 3469 838 3518 καὶ
855 3459 1013 3536 πράξαντας
1030 3467 1190 3531 ψευσθῆναι
1207 3467 1254 3533 τῆς
1272 3465 1364 3520 aurun
1382 3462 1501 3537 γνώμης,
1521 3471 1554 3518 cf.

302 3563 400 3627 reliqua
422 3561 448 3609 in
471 3560 554 3609 fronte
576 3559 650 3608 huius
677 3567 752 3607 notae
776 3555 882 3604 collecta
905 3555 1055 3604 testimonia.
1100 3557 1133 3606 Ut
1156 3566 1239 3606 autem
1263 3572 1339 3605 nemo
1363 3557 1412 3606 iam
1441 3558 1554 3622 negabit,

301 3651 412 3701 eundern
432 3649 475 3716 qui
493 3664 545 3697 rem
562 3647 657 3696 invenit
674 3645 792 3711 perficere
813 3659 869 3692 eam
886 3659 961 3708 posse
978 3644 1070 3708 ipsum,
1093 3644 1128 3693 ita
1146 3644 1262 3708 equidem
1280 3643 1333 3693 fieri
1352 3661 1425 3710 posse
1444 3647 1556 3696 concedo

302 3748 332 3789 ut
355 3740 412 3804 quis
436 3736 549 3802 perficiat
570 3752 622 3784 rem
647 3751 723 3800 quam
740 3735 804 3782 alter
823 3733 975 3796 excogitavit
992 3729 1169 3798 (ἐβούλευσε).
1207 3734 1291 3796 Quam
1309 3733 1333 3781 in
1352 3751 1405 3783 rem
1422 3734 1557 3798 inquirenti

301 3826 447 3891 exemplum
465 3842 491 3874 se
509 3825 581 3873 offert
598 3839 677 3872 unum
694 3820 898 3871 Aristot..Rhet.
916 3820 928 3867 1
948 3837 971 3870 c.
988 3822 1039 3870 VII
1060 3833 1104 3884 13:
1126 3817 1140 3871 ὁ
1158 3817 1316 3892 Λεωδάμας
1330 3824 1491 3892 κατηγορῶν
1503 3822 1557 3892 ἔφη

303 3908 515 3983 Καλλιστράτου
533 3906 584 3963 τὸν
602 3907 790 3976 βουλεύσαντα
808 3913 859 3961 τοῦ
878 3901 1033 3977 πράξαντος
1049 3910 1157 3978 μᾶλλον
1176 3905 1290 3971 ἀδικεῖν,
1310 3906 1342 3964 ού
1356 3905 1411 3981 γὰρ
1422 3907 1557 3981 άνπραχ·

303 4005 389 4067 θῆναι
408 4000 447 4073 μὴ
467 4001 706 4068 βουλευσαμένου·
726 3991 814 4050 πάλιν
838 3995 869 4048 δὲ
895 4001 1023 4068 Χαβρίου
1050 3995 1100 4048 τὸν
1117 3995 1261 4070 πράξαντα
1280 4004 1330 4050 τοῦ
1348 3996 1557 4064 βουλεύσαντος,

303 4087 338 4143 ού
356 4086 411 4164 γάρ
429 4082 612 4157 άνγενίσθαι
631 4086 712 4156 εἰμὴ
732 4078 768 4153 ἦν
786 4079 936 4157 ὃπράξων,
967 4088 1031 4135 Pace
1044 4101 1100 4135 mea
1110 4087 1183 4152 plura
1194 4088 1269 4137 etiam
1287 4088 1430 4138 afferantur.
1461 4089 1558 4152 Quidni

302 4182 371 4232 enim
397 4179 503 4244 cogitari
525 4185 609 4242 potest
631 4193 680 4236 res,
706 4191 781 4241 quam
805 4175 846 4223 hic
870 4173 972 4238 quidem
993 4176 1151 4239 excogitavit,
1172 4174 1258 4239 perfici
1278 4176 1311 4224 ab
1333 4176 1393 4225 illo?
1416 4175 1558 4240 βουλεύειν

301 4280 329 4321 et
346 4262 478 4339 πράττειν
497 4267 562 4315 duae
574 4271 633 4314 sunt
644 4265 764 4322 actiones,
786 4278 850 4327 quae
863 4270 906 4310 aut
924 4253 1052 4311 duobu's
1070 4272 1112 4312 aut
1130 4263 1184 4311 uni
1203 4263 1372 4330 eidemque
1386 4266 1484 4315 homini
1496 4282 1556 4316 con·

303 4360 388 4409 venire
412 4362 525 4423 possunt.
562 4353 717 4402 Incitationis
739 4352 870 4400 notionem
893 4350 971 4398 verbo
987 4342 1129 4414 βουλεύειν
1147 4351 1227 4402 inesse
1250 4369 1283 4403 ne
1306 4353 1430 4404 eiusmodi
1453 4355 1557 4420 quidem

303 4446 427 4511 exemplis
451 4441 669 4494 demonstrabitur.
