3350 5284
811 467 1023 546 ..35-

289 657 331 700 ea
353 637 419 700 ita:
437 637 468 699 in
489 638 602 701 eadem
624 635 696 718 lege
718 645 865 700 teneatur
886 637 912 699 is
935 638 989 720 qui
1012 638 1087 720 (non
1107 633 1194 720 χειρὶ
1218 675 1256 685 -
1279 637 1348 717 sed)
1369 628 1560 719 βουλεύσας

292 743 311 806 i.
325 763 352 806 e.
368 742 490 806 ratione
506 762 571 807 non
586 741 753 805 manifesta
765 741 881 805 'mortis
897 740 990 808 fuerit
1005 750 1132 819 auctor;
1153 761 1196 804 ex
1209 741 1270 804 hac
1284 742 1368 804 enim
1384 741 1454 805 sola
1469 740 1553 803 anti-

295 847 387 923 thesi,
410 849 459 911 cui
476 849 579 911 omnis
599 848 686 911 doli
709 847 804 910 mali
827 845 951 929 species
966 847 1118 928 adempta
1133 856 1191 921 est,
1214 846 1367 929 explicari
1382 846 1499 930 poterit
1513 847 1554 909 in

294 972 335 1015 eo
371 951 444 1016 loco
484 954 619 1015 verbum
654 943 828 1035 βουλείειν.
880 949 978 1032 Quod
1015 972 1081 1032 quo
1117 951 1300 1034 planissime
1337 953 1556 1035 exprimatur,

294 1058 453 1139 equidem,
483 1059 509 1121 si
539 1059 672 1139 cogitari
701 1058 804 1139 possit
832 1056 884 1119 vel
916 1077 1013 1121 unam
1045 1058 1184 1121 litteram
1211 1077 1276 1120 non
1303 1066 1452 1123 accurate
1474 1077 1553 1120 esse

295 1163 412 1226 lectam
434 1163 477 1226 ab
499 1163 540 1227 U.
563 1161 738 1239 Koehler0,
759 1163 1053 1226 commendaverim
1073 1164 1150 1245 ipse,
1170 1182 1253 1243 quae
1270 1162 1353 1226 hanc
1375 1162 1553 1226 antithesin

292 1268 468 1332 luculenter
482 1268 668 1350 praebeant,
683 1269 782 1332 verba
796 1267 892 1331 haec:
917 1264 1061 1349 δικάζειν
1084 1266 1122 1334 δέ
1141 1261 1216 1346 τούς
1229 1265 1389 1351 βασιλέας
1403 1263 1556 1351 alcima)

293 1367 422 1463 ῳόν(ου)
445 1363 466 1457 ἢ
487 1370 586 1458 [χειρὶ
610 1364 838 1438 ἀποκτείναντι
862 1362 1167 1459 ἢβου)λεύσαντ(ι);
1189 1371 1306 1435 haereo
1324 1383 1432 1436 autem
1446 1373 1478 1435 in
1492 1393 1553 1449 e0,

292 1480 380 1562 quod
408 1498 468 1561 pro
495 1487 660 1559 postrema
688 1478 793 1542 littera
821 1478 1003 1541 Koehlerus
1032 1479 1130 1542 edidit
1162 1501 1218 1541 ›a‹
1252 1497 1316 1540 non
1349 1502 1397 1544 ›r‹
1409 1480 1443 1558 ¹).

378 1602 578 1685 Quacunque
614 1612 722 1665 autem
755 1605 879 1668 ratione
905 1613 1009 1667 totam
1038 1605 1185 1667 restitues
1214 1601 1378 1678 lacunam,
1417 1623 1556 1685 semper

292 1731 366 1774 cum
393 1709 538 1792 Sauppio
566 1681 786 1796 βουλεύάαντα
814 1709 1017 1773 scribendum
1032 1699 1115 1786 erit,
1145 1709 1234 1791 quod
1256 1710 1373 1772 nemini
1395 1708 1460 1771 sere
1481 1728 1554 1772 non

291 1815 464 1898 probatum
487 1823 536 1877 est
557 1813 723 1876 hominum
744 1815 923 1879 doctorum.

377 1939 438 2016 Sic,
473 1941 572 2005 modo
609 1932 684 2004 άνευ
720 1937 877 2024 προνοίας
907 1941 977 2022 quis
1009 1939 1210 2016 interfecerit,
1239 1940 1270 2002 in
1300 1938 1442 2002 Palladio
1473 1958 1556 2001 reus

291 2047 486 2109 inducendus
512 2056 570 2122 est,
597 2047 721 2109 etiamsi
743 2046 866 2108 ratione
892 2067 989 2109 »non
1012 2056 1200 2110 cruenta«
1224 2045 1356 2109 caedem
1378 2043 1551 2121 effecerat3

292 2152 444 2234 quodque
466 2153 668 2214 incruentae
690 2151 820 2232 quidem
846 2151 952 2214 caedis
976 2145 1097 2237 (φάναι)
1122 2151 1247 2234 legibus
1270 2151 1424 2233 imprimis
1448 2159 1556 2230 atque

291 2257 419 2320 unicum
438 2265 620 2339 spectatum
642 2265 714 2318 est:
735 2255 951 2333 »consilium«,
971 2259 1147 2339 reperimus
1161 2258 1248 2340 apud
1262 2256 1400 2339 reliquas
1416 2274 1553 2332 omnes;

291 2384 349 2428 eae
377 2382 506 2443 quoque
532 2381 551 2424 e
580 2381 707 2425 summo
737 2362 800 2424 hoc
826 2361 1005 2425 discrimine
1030 2363 1061 2424 in
1089 2363 1154 2426 duo
1182 2382 1300 2444 genera
1322 2361 1441 2425 divisae
1461 2368 1551 2436 sunt,

291 2477 327 2531 ut
359 2477 414 2531 aut
447 2467 625 2549 Areopago
658 2466 870 2529 tribuerentur
900 2475 956 2530 aut
987 2468 1148 2546 Palladio,
1181 2477 1278 2550 prout
1310 2469 1411 2530 inerat
1442 2465 1554 2530 malus

291 2572 384 2637 dolus
404 2592 460 2635 reo
482 2581 538 2636 aut
560 2592 624 2635 non
646 2571 755 2635 inerat.

377 2698 520 2761 Tuemur
554 2705 664 2760 autem
698 2697 729 2760 in
758 2697 819 2760 hac
853 2717 983 2780 quoque
1015 2719 1049 2762 re
1081 2699 1389 2781 Harpocrationem;
1422 2697 1550 2778 duplex

294 2805 378 2867 enim
401 2804 486 2867 idem
508 2811 644 2866 testatur
666 2802 830 2865 iudicium:
860 2804 920 2867 τού
939 2801 1000 2884 μέν
1022 2789 1078 2869 σύν
1099 2801 1261 2888 προτέρου
1283 2800 1404 2888 μάρτυς
1418 2794 1554 2881 Ἰσαῖος

293 2905 327 2972 ἒν
347 2911 393 2994 τῷ
415 2903 499 2992 πρὸς
520 2898 702 2992 Εὐκλείδην
724 2903 783 2972 ἐπὶ
805 2906 990 2994 Παλλαδίῳ
1012 2907 1116 2993 λέγων
1136 2898 1221 2974 εἶναι
1242 2905 1300 2986 τὰς
1321 2906 1426 2986 δίκας.
1469 2905 1552 2972 Δεί-

294 3036 409 3099 ναρχος
432 3011 469 3078 δέ
492 3009 525 3077 ἒν
540 3013 587 3099 τῷ
608 3003 693 3078 κατά
715 3010 858 3078 Πιστίου
880 3009 913 3094 έν
927 3005 1045 3100 Ἀρείῳ
1066 3012 1181 3099 πάγῳ·
1203 3005 1432 3099 Ἀριστοτέλης
1453 3003 1485 3078 δ’
1510 3009 1553 3077 έν

293 3121 332 3206 τῇ
353 3111 543 3204 Ἀθηναίων
567 3115 724 3202 πολιτείᾳ
752 3118 800 3203 τῷ
822 3109 934 3204 Ἰσαίῳ
963 3122 1140 3207 συμφωνεῖ.

376 3224 511 3306 Philippi
540 3244 626 3299 vero,
656 3244 754 3306 quem
783 3244 857 3286 cum
886 3225 1014 3305 reliquis
1036 3224 1254 3288 definitionem
1281 3223 1552 3305 Harpocrationis

292 3349 423 3412 prorsus
445 3328 626 3410 neglexisse
648 3348 744 3410 supra
769 3329 1059 3393 demonstravimus
1082 3330 1124 3412 (p.
1147 3330 1189 3412 7),
1218 3350 1257 3392 ne
1279 3330 1311 3391 in
1331 3328 1393 3391 hac
1414 3328 1550 3411 quidem

291 3455 325 3498 re
347 3434 637 3516 Harpocrationem
658 3442 786 3497 secutus
809 3454 905 3497 omne
920 3453 1022 3515 genus
1037 3430 1235 3519 βουλεύσεως
1249 3443 1282 3497 et
1298 3433 1549 3497 involuntarium

291 3549 324 3603 et
352 3540 565 3603 voluntarium
587 3538 647 3602 soli
666 3537 775 3602 tribuit
796 3539 939 3603 Palladio
947 3545 979 3617 ν).

377 3754 553 3822 1)Berglrium
576 3771 678 3821 quoque
701 3756 735 3804 ad
758 3755 864 3805 similem
887 3756 1057 3806 coniecturam
1080 3757 1155 3806 video
1179 3758 1302 3822 cogitasse
1326 3756 1389 3821 (Rh.
1408 3758 1474 3808 Mus.
1498 3755 1546 3819 38,

291 3844 363 3912 531).
398 3846 458 3895 Non
481 3860 541 3894 vero
563 3859 628 3909 quae
651 3844 737 3894 scribit
760 3845 821 3894 mihi
838 3846 990 3909 probantur:
1013 3847 1109 3911 »αίτίῳ
1128 3840 1220 3916 φόνου
1237 3841 1371 3897 ἀκουσίου
1388 3847 1436 3897 καὶ
1453 3838 1544 3914 ῳάνον

291 3936 347 3987 τινὶ
371 3929 578 4000 βουλεύσαντα.
614 3933 682 3997 Quid
706 3934 773 3982 enim
798 3927 890 4004 φόνον
913 3929 1055 3998 βουλεύειν
1085 3950 1130 3999 per
1155 3949 1182 3983 se
1209 3934 1319 3998 positum
1345 3932 1469 3998 significat
1496 3933 1548 3983 nisi

291 4024 394 4074 caedem
417 4022 508 4082 moliri,
534 4022 628 4072 conari.
665 4023 791 4072 Conatum
817 4030 900 4072 autem
925 4023 1027 4072 caedem
1049 4021 1150 4073 efficere
1176 4018 1334 4091 τραύματος
1355 4021 1385 4072 lx
1407 4025 1544 4092 προνοίας

289 4113 316 4162 in
339 4114 475 4177 Areopago
499 4127 568 4159 reum
593 4109 645 4159 fieri
662 4125 738 4174 supra
757 4110 865 4159 vidimus
882 4127 908 4176 p.
926 4125 943 4172 4
962 4119 986 4160 et
1004 4127 1029 4175 p.
1048 4124 1088 4172 24.

375 4199 398 4265 ε)
416 4200 602 4265 Harpocration
628 4215 648 4249 s.
674 4216 699 4248 v.
726 4197 772 4251 ἐπὶ
801 4197 955 4267 Παλλαδίῳ
978 4215 1079 4264 quoque
1105 4215 1198 4249 nomen
1224 4200 1290 4249 illius
1316 4199 1425 4249 criminis
1450 4199 1540 4256 refert3

287 4305 435 4355 quanquam
463 4289 522 4338 inde
549 4304 602 4337 non
631 4286 850 4346 concludendum,
883 4288 947 4337 soli
980 4287 1133 4338 Palladio
1158 4303 1213 4337 eam
1238 4287 1400 4345 convenisse,
1427 4287 1547 4351 quamvis

289 4378 356 4428 enim
374 4377 399 4426 in
417 4379 554 4442 Areopago
577 4391 630 4424 non
649 4383 866 4435 commemoretur,
886 4384 969 4426 tamen
989 4392 1002 4425 e
1020 4375 1118 4424 silentio
1137 4376 1309 4440 lexicographi
1326 4376 1367 4424 vix
1384 4375 1478 4440 poteris
1495 4375 1543 4423 ali-

290 4466 351 4532 quid
369 4464 475 4515 efficere.
503 4466 558 4514 Nos
571 4464 650 4529 ipsam
668 4464 734 4514 hanc
751 4480 804 4513 rem
822 4464 873 4514 alio
891 4464 970 4513 modo
988 4464 1037 4513 iam
1055 4478 1140 4513 sumus
1154 4464 1300 4529 explicaturi
1317 4461 1362 4512 cfr.
1376 4463 1448 4514 intra.
1461 4480 1486 4528 p.
1499 4477 1544 4525 41.
