3350 5284
809 464 1021 526 „24-

288 609 308 684 ὁ
333 613 394 701 γὰρ
416 611 526 702 χρόνος
548 609 648 718 καὶμὴ
671 615 828 700 ἐμπειρία
850 613 890 682 τὰ
912 611 1087 704 μὴκαλῶς
1108 609 1221 696 ἔχοντα
1249 609 1442 681 ἕκὸιόάσκαι
1469 610 1545 691 τοὺς

287 714 495 808 ἀνθρώπους.

374 844 468 907 Nunc
502 864 563 926 age
596 845 762 907 criminum
795 844 1024 927 perlustremus
1058 844 1182 906 seriem.
1240 843 1418 927 Principem
1452 842 1543 906 facile

288 950 412 1013 obtinet
427 950 535 1013 locum
552 958 725 1013 cruenta
746 950 862 1012 caedes
876 946 1012 1037 (φόνος);
1030 958 1079 1012 est
1093 969 1133 1012 ea
1147 948 1381 1031 simplicissima
1395 949 1544 1031 antiquis·

289 1075 352 1136 que
381 1054 582 1138 temporibus
610 1055 764 1137 imprimis
787 1055 1043 1118 accommodata.
1093 1052 1220 1129 Statim,
1253 1063 1289 1117 ut
1317 1074 1469 1136 praesens
1498 1054 1544 1117 ira

291 1161 389 1236 iubet,
412 1159 555 1223 offensus
577 1160 762 1242 aggreditur
782 1158 917 1222 alterum
940 1160 1058 1223 insidiis
1081 1161 1196 1242 spretis
1212 1159 1360 1223 omnibus
1382 1170 1438 1222 aut
1452 1159 1544 1222 nudis

291 1265 438 1329 manibus
469 1286 545 1328 usus
577 1273 634 1328 aut
664 1267 810 1341 armatis,
848 1265 956 1347 itaque
991 1264 1128 1328 inferiori
1163 1265 1351 1348 sanguinem
1380 1273 1414 1328 et
1445 1265 1544 1327 vitam

291 1371 386 1434 simul
408 1371 509 1454 eripit.
554 1371 590 1432 In
612 1369 676 1433 hoc
696 1371 816 1434 crimen
835 1367 935 1457 φόνου
957 1372 1099 1434 instituta
1120 1380 1170 1433 est
1189 1372 1289 1446 aetio,
1312 1390 1394 1452 quae
1415 1390 1483 1432 vox
1504 1369 1544 1432 ad

291 1476 445 1540 amussim
479 1475 654 1557 respondet
690 1476 788 1540 latino
828 1478 978 1540 ›caedes‹
1018 1478 1050 1557 (a
1083 1475 1307 1556 caedendo)
1340 1505 1383 1529 =
1413 1483 1545 1538 cruenta

290 1600 388 1643 mors.
433 1578 497 1660 Qui
527 1575 626 1665 φόνον
651 1583 852 1645 committere
880 1591 1024 1656 conatuS,
1054 1582 1096 1645 ad
1124 1580 1222 1643 finem
1252 1600 1316 1643 non
1345 1586 1543 1662 pervenerat,

290 1705 364 1748 reus
386 1684 423 1748 fit
444 1685 504 1748 sub
526 1687 654 1749 nomine
674 1687 817 1768 »τραῦμα
833 1684 870 1751 ἐκ
884 1684 1054 1772 necrolog«
1074 1687 1182 1766 (Dem.
1198 1701 1248 1765 23,
1266 1686 1317 1766 24)
1337 1687 1423 1765 quod
1439 1683 1544 1748 solum

291 1793 355 1854 iam
377 1798 611 1853 commonstrat
631 1810 690 1873 per
710 1791 884 1856 vulnera
905 1789 1038 1881 »privor«
1063 1789 1188 1872 efficix).

377 1910 505 1975 Efficax
536 1913 684 1976 nimirum
714 1913 795 1976 haec
826 1923 877 1977 est
910 1914 1077 1978 manifesta
1110 1913 1241 1986 caedes,
1273 1911 1416 1974 celeriter
1448 1919 1546 1990 atque

292 2017 433 2081 funditus
462 2038 481 2080 e
511 2018 578 2080 vita
604 2018 688 2082 tollit
717 2020 895 2094 inimicum,
933 2039 1117 2100 quanquam
1147 2015 1327 2100 periculosa
1354 2015 1468 2078 eadem
1497 2023 1547 2079 est

292 2141 398 2203 neque
427 2120 573 2204 ignaviae
606 2133 691 2205 apta.
742 2122 801 2186 Cui
835 2123 932 2204 igitur
963 2132 996 2186 et
1027 2122 1160 2186 audacia
1191 2122 1302 2184 deerat
1331 2140 1435 2201 neque
1464 2122 1547 2182 vires

294 2225 511 2304 sufficiebant,
542 2228 570 2291 ei
601 2229 662 2291 alia
692 2249 786 2292 curae
816 2237 886 2291 erat
914 2227 1120 2291 interficiendi
1154 2228 1250 2290 ratio:
1283 2227 1429 2289 incendio
1461 2224 1547 2288 facto

293 2331 309 2395 i
312 2331 476 2395 lammis
495 2334 629 2416 perdere
651 2344 785 2398 conatur
806 2334 959 2412 alterum,
986 2326 1086 2417 φόνου
1108 2334 1238 2415 quidem
1259 2333 1312 2395 ille
1334 2351 1399 2395 non
1421 2338 1550 2413 poterat

293 2457 366 2499 reus
393 2436 469 2513 fieri,
501 2458 641 2519 namque
667 2449 832 2502 cruentam
862 2460 927 2503 non
949 2439 1155 2502 commiserat
1175 2439 1308 2502 caedem
1326 2459 1333 2499 :
1348 2457 1432 2499 nova
1453 2435 1549 2516 igitur

292 2543 325 2604 in
353 2563 427 2605 eum
456 2545 540 2606 actio
562 2553 682 2607 statuta
705 2553 754 2607 est
779 2545 977 2630 »πυρκαῖἇς<<
1004 2545 1110 2625 (Dem.
1135 2560 1184 2624 23,
1203 2547 1272 2626 24);
1301 2542 1364 2605 hoc
1386 2541 1470 2604 enim
1493 2541 1549 2602 uti-

294 2667 357 2728 que
380 2647 465 2711 actio
486 2668 524 2710 ea
546 2659 693 2731 spectare
711 2650 808 2713 debet
822 2651 951 2725 crimen,
966 2659 1079 2713 contra
1100 2650 1226 2712 vitam
1248 2648 1385 2711 hominis
1400 2666 1465 2708 non
1480 2664 1549 2706 rem

296 2751 483 2815 familiarem
518 2754 683 2818 directum.
739 2754 807 2816 Nisi
840 2756 925 2818 enim
952 2757 1011 2838 ipsi
1038 2756 1124 2818 vitae
1155 2753 1287 2819 alicuius
1319 2751 1446 2814 insidias
1478 2750 1549 2830 quis

293 2859 445 2921 struxerit
469 2879 533 2922 non
562 2860 657 2922 video
686 2861 853 2941 quomodo
883 2859 992 2923 locum
1019 2860 1164 2923 obtinere
1184 2858 1325 2941 potuerit
1345 2848 1495 2938 πυρκαϊά
1518 2854 1549 2915 in

382 3136 403 3202 ¹)
422 3138 453 3188 11.
476 3151 518 3199 24,
543 3137 601 3188 610.
635 3140 753 3204 Aeschyl.
778 3139 895 3203 Choeph.
921 3151 994 3200 1009.
1030 3141 1082 3204 Ag.
1105 3138 1176 3202 1263.
1212 3139 1268 3203 Spt.
1285 3151 1327 3198 44.
1365 3137 1445 3202 Soplu
1464 3134 1497 3184 0.
1514 3136 1547 3183 R.

298 3224 371 3286 1278.
407 3225 466 3276 Eur.
485 3228 548 3277 Hec.
565 3240 622 3290 241.
659 3229 716 3294 Iph.
735 3230 768 3277 A.
789 3237 848 3290 971.
883 3220 976 3285 Φόνος
998 3227 1138 3276 derivatum
1163 3233 1200 3275 est
1223 3242 1239 3274 a
1261 3225 1345 3274 radice
1368 3240 1430 3295 φεν.
1453 3223 1495 3274 cui
1512 3239 1549 3272 re·

296 3313 406 3378 spondet
431 3315 550 3364 sanserita
573 3317 644 3365 radix
663 3318 744 3378 glan,
769 3316 821 3363 han
841 3314 952 3380 (pulsare
971 3325 1114 3365 —terram
1132 3313 1242 3379 ungulis,
1262 3313 1381 3373 fulmine;
1403 3314 1467 3379 puls
1486 3320 1549 3377 tym-

294 3416 376 3466 pana;
404 3403 518 3452 occidere
536 3404 658 3453 trucidare
676 3403 785 3469 aliquem
802 3404 887 3463 armis,
913 3401 986 3451 ferire
1007 3401 1072 3459 telo;
1091 3431 1125 3439 -
1144 3403 1329 3453 Grassmannus
1353 3400 1389 3465 (in
1414 3401 1496 3451 lexico
1517 3401 1550 3449 ad

295 3489 428 3554 Rigvedae
453 3490 572 3557 hymnos)
594 3493 626 3540 de
643 3492 766 3542 veneficio
784 3493 853 3541 idem
870 3490 975 3540 inveniri
991 3505 1036 3554 per
1053 3505 1161 3539 errorem
1179 3492 1319 3552 contendit,
1338 3490 1409 3555 quod
1427 3489 1550 3553 Georgius

296 3577 395 3628 Mekler
423 3580 562 3629 commilito
590 3580 651 3629 mihi
680 3579 813 3630 affirmavit
835 3579 930 3645 (debeo
957 3579 1023 3627 enim
1045 3578 1082 3627 illi
1105 3578 1171 3628 hanc
1196 3577 1352 3645 scientiam);
1379 3579 1405 3626 iu
1428 3593 1474 3637 eo,
1501 3591 1550 3640 quo

296 3666 407 3716 Grassm.
427 3668 512 3717 nititur
536 3669 593 3718 loco
617 3669 707 3719 veneni
730 3669 801 3718 nulla
818 3669 848 3718 fit
864 3668 968 3718 mentio.
988 3696 1021 3704 -
1038 3667 1060 3715 E
1077 3666 1224 3715 nominibus
1242 3667 1292 3716 huc
1309 3667 1418 3733 pertinet
1430 3664 1549 3727 ghands:

296 3754 340 3818 qui
371 3757 485 3815 conterit,
516 3759 637 3822 percutit,
668 3758 749 3808 clava.
790 3756 929 3806 Notionem
960 3755 1108 3814 »necandi«,
1139 3770 1204 3820 quae
1232 3755 1302 3805 vocis
1330 3747 1419 3825 φόνος
1450 3751 1551 3817 propria

297 3851 347 3902 est,
376 3845 443 3893 exire
467 3860 482 3893 a
505 3846 610 3896 notione
638 3846 784 3911 »pulsandi«
809 3844 843 3892 ad
868 3845 956 3893 oculos
980 3844 1052 3909 quasi
1074 3844 1225 3908 proponitur
1245 3845 1323 3892 verbo
1341 3846 1462 3900 θείνω,
1482 3839 1551 3905 quod

298 3939 431 3997 utrumque
449 3948 528 3999 aeque
546 3934 670 4000 significat
686 3943 711 3985 et
727 3935 826 4000 pulsare
845 3942 870 3982 et
885 3947 975 3981 necare
987 3930 1082 3996 (priusz
1101 3932 1131 3981 ll.
1154 3943 1192 3992 17,
1213 3944 1279 3995 43o;
1300 3944 1342 3991 20,
1363 3930 1423 3992 481.
1442 3929 1551 3993 plectere

298 4019 428 4085 Aristoph.
449 4023 499 4071 Av.
518 4032 558 4087 54.
590 4039 679 4072 necere
697 4023 747 4073 Od.
766 4036 807 4080 22,
827 4035 887 4085 443.
921 4020 1014 4069 Aesch.
1027 4021 1094 4071 Pers.
1109 4018 1179 4083 301).
1209 4019 1299 4068 Eidem
1312 4029 1397 4069 autem
1408 4017 1487 4066 radici
1498 4031 1551 4064 ver·

297 4107 359 4156 bum
379 4109 429 4158 hoc
449 4111 608 4160 tribuendum
626 4119 756 4176 astatque
775 4104 870 4180 φόνος.
882 4109 1022 4158 Discrimen
1041 4107 1146 4157 formale
1164 4104 1262 4171 (θείνω
1278 4135 1314 4146 -
1333 4099 1430 4171 φόνος)
1442 4103 1552 4153 invenies

299 4195 380 4246 idem:
402 4202 466 4252 τείω
484 4228 518 4237 -
536 4193 618 4263 ποινή
637 4198 713 4265 (quae
730 4198 867 4249 arctissime
884 4197 1017 4246 cohaerere
1035 4195 1100 4245 inter
1117 4210 1143 4243 se
1160 4211 1236 4243 nemo
1254 4193 1343 4258 nescit)
1362 4187 1484 4261 δήλομαι
1496 4191 1550 4239 dor.

300 4285 429 4353 δείλομαι
453 4291 515 4339 locr.
532 4316 567 4326 -
584 4284 729 4357 βούλομαι,
756 4283 823 4354 βάλε
848 4281 884 4351 δή
908 4282 1054 4348 (Alcman);
1084 4282 1171 4335 dello
1195 4283 1280 4332 arcad.
1300 4309 1333 4320 -
1351 4281 1465 4348 {palm
1490 4282 1554 4331 θέο·

300 4379 404 4429 caueae
421 4408 456 4418 -
472 4379 572 4436 πόθος,
