3350 5284
654 443 867 507 „23..

123 596 283 660 Athenas
306 597 443 660 misisset
463 597 608 660 nuntium
630 596 848 678 quaesiturum
870 596 911 659 ab
934 596 1088 677 exegetiS,
1111 596 1187 677 quid
1209 593 1251 656 illi
1269 594 1390 658 homini

124 700 316 765 faciendum
346 702 471 783 essem).
527 698 624 781 Quod
654 711 728 764 ante
757 702 856 764 nuntii
886 702 1021 764 reditum
1055 700 1107 763 ille
1139 708 1284 762 mortuus
1312 709 1390 776 erat,

125 808 284 870 videlicet
312 827 376 870 non
398 827 417 869 e
439 807 538 889 patris
552 807 718 869 voluntate
734 807 858 882 accidit,
881 826 955 868 cum
970 815 1056 869 esset
1071 806 1160 868 illum
1175 815 1389 869 accusaturus.

125 913 204 975 Fac
232 913 391 975 medicum
414 920 549 992 aegroto
579 930 676 993 quem
699 922 788 974 curat
810 910 1082 984 chloroformium,
1117 910 1205 993 quod
1226 931 1390 984 vocamus,

126 1018 275 1094 dedisse;
306 1017 413 1079 interit
441 1015 494 1079 ille
517 1036 577 1098 pro
600 1017 695 1078 nimia
714 1035 797 1098 quae
818 1016 927 1079 inflata
946 1017 974 1079 ei
996 1026 1047 1079 est
1067 1017 1181 1078 veneni
1203 1015 1390 1095 quantitate.

126 1123 186 1185 Ita
215 1123 356 1185 medicus
385 1119 471 1206 χειρὶ
501 1122 655 1184 occidisse
684 1142 757 1185 eum
785 1121 847 1184 dici
875 1143 941 1184 non
968 1130 1086 1203 potest,
1115 1123 1174 1184 sed
1202 1118 1391 1205 βουλεύσας.

126 1227 262 1290 Tamen
289 1247 363 1290 cum
391 1235 561 1308 aegrotum
583 1246 695 1289 sanare
717 1227 881 1301 studuerit,
911 1247 976 1289 non
1001 1228 1190 1299 interimere,
1218 1225 1392 1306 prudenter

127 1333 270 1394 caedem
291 1333 490 1394 commisisse
504 1333 672 1412 unicuique
688 1331 865 1410 negabitur.
901 1330 1079 1394 Coniuncta
1093 1330 1188 1410 igitur
1201 1332 1290 1394 vides
1307 1351 1391 1412 quae

128 1436 277 1500 adversis
307 1435 463 1498 frontibus
493 1457 603 1500 secum
631 1437 822 1499 videbantur
851 1456 1004 1519 pugnare.
1056 1434 1122 1498 Ubi
1152 1435 1238 1518 χειρὶ
1273 1427 1391 1500 daona.

128 1542 320 1624 opponitur,
344 1541 447 1604 omnis
470 1542 536 1604 doli
551 1542 626 1604 mali
641 1542 729 1604 notio
744 1542 836 1605 deest
851 1541 951 1604 verbo
965 1537 1138 1623 βουλεύειν,
1162 1527 1245 1622 ¹quae
1262 1541 1392 1623 propria

127 1655 186 1710 est
215 1647 358 1710 eiusdem
387 1647 419 1708 in
448 1647 596 1710 antithesi
620 1638 783 1723 ἀκουσίως
803 1684 846 1694 -
868 1641 1054 1730 βουλεύσας,
1080 1640 1243 1724 ἑκουσίως.
1279 1646 1391 1725 Atque

126 1751 216 1814 haec
245 1753 375 1831 quidem
403 1762 551 1815 accurate
581 1772 709 1834 semper
736 1753 940 1817 secernenda.
998 1752 1294 1815 Incitationem
1326 1752 1391 1830 qui-

130 1856 212 1919 dem
235 1851 330 1920 ἅνεο
358 1855 566 1940 προνοίας
588 1878 717 1940 prorsus
738 1867 774 1920 ut
802 1878 861 1939 par
883 1865 932 1919 est
953 1858 1134 1933 reiecimus;
1165 1876 1261 1918 nemo
1283 1864 1391 1919 autern

129 1970 171 2024 ut
193 1961 308 2044 opinor
329 1960 495 2037 dubitabit,
519 1963 595 2044 quin
617 1963 834 2044 imprudenter
856 1964 926 2044 quis
948 1963 1050 2044 possit
1066 1961 1201 2024 alterum
1215 1960 1392 2024 interficere

129 2067 258 2128 ratione
281 2086 346 2128 non
368 2066 544 2130 manifesta.
588 2068 814 2147 (Reveniemus
838 2068 880 2129 ad
897 2068 980 2130 hanc
1001 2087 1069 2130 rem
1091 2063 1163 2128 cum
1184 2066 1328 2128 dicamus
1349 2065 1391 2127 de

129 2171 270 2252 Antiph.
295 2191 340 2232 or.
364 2171 412 2233 VI
435 2195 471 2237 τι.
494 2196 521 2239 τ.
543 2196 611 2257 χορ.
632 2194 662 2256 p.
689 2174 748 2256 34.)

657 2381 867 2390 ...——-—

218 2537 385 2599 Poscimur
419 2555 458 2600 ea
487 2558 570 2601 nunc
585 2539 803 2618 quaestione,
838 2558 936 2619 quam
963 2558 1059 2619 supra
1088 2540 1131 2619 (p.
1155 2538 1207 2618 21)
1230 2535 1393 2598 soluturos

131 2661 194 2705 nos
226 2662 297 2706 esse
330 2663 440 2705 sumus
474 2643 621 2725 polliciti3
657 2652 754 2724 atque
784 2645 939 2707 hactenus
965 2642 1096 2723 quidem
1124 2641 1278 2723 philologi
1307 2660 1391 2703 nunc

130 2747 318 2810 historicam
350 2749 544 2829 quaestionis
569 2759 696 2831 partem
721 2749 924 2830 ingredimur.
974 2747 1137 2810 Statutum
1160 2768 1230 2810 esse
1252 2747 1389 2808 vidimus

130 2852 208 2934 lege
241 2853 432 2916 Andocidea
449 2875 454 2916 :
472 2864 515 2928 ut,
549 2855 575 2916 si
607 2855 686 2934 quiS,
720 2845 919 2917 machinatus
952 2860 1091 2915 mortem
1123 2853 1229 2934 aliqua
1259 2852 1391 2929 ratione,

130 2957 299 3020 hominem
321 2957 512 3021 interfecerit
541 2961 572 3021 in
602 2960 717 3022 eodem
740 2969 886 3022 teneatur
907 2980 945 3022 ac
973 2960 998 3021 si
1021 2967 1234 3021 cruentam
1255 2957 1390 3019 caedem

131 3063 357 3126 commisisset.
387 3064 447 3127 Est
469 3065 544 3126 mihi
564 3084 647 3127 nunc
668 3066 964 3142 demonstrandum,
986 3066 1068 3127 hanc
1082 3064 1188 3145 legem
1204 3082 1269 3124 non
1284 3061 1390 3122 solum

131 3189 200 3232 non
221 3189 493 3250 supervacaneam
515 3168 610 3233 fuisse
633 3171 689 3232 sed
712 3171 843 3233 omnino
866 3170 1086 3233 necessariam.

219 3272 435 3338 Athenienses
464 3295 530 3337 rem
557 3275 750 3338 iudiciariam
779 3297 845 3339 non
877 3297 920 3339 ex
952 3275 1159 3356 systematica
1190 3273 1391 3334 instituerunt

132 3379 258 3442 ratione
287 3379 345 3440 sed
373 3400 416 3441 ex
445 3381 624 3462 empirica:
649 3391 745 3462 prout
771 3380 975 3444 innotuerunt
997 3380 1122 3443 diversa
1146 3377 1277 3440 crimina
1305 3396 1391 3438 nova

132 3493 255 3546 statuta
280 3493 354 3546 sunt
380 3485 510 3547 nomina
531 3505 634 3549 novae
657 3487 807 3552 actiones
832 3521 874 3531 -
896 3484 1047 3548 Aeschin.
1070 3485 1085 3546 Ι
1111 3501 1164 3562 13:
1195 3479 1232 3546 ἐκ
1254 3475 1314 3566 γὰρ
1334 3483 1392 3545 τοῦ

132 3581 345 3670 πράττεσθαί
373 3612 445 3654 τινα
477 3572 521 3653 ὧν
551 3581 589 3656 οὗ
618 3593 789 3677 προσῆκεν,
820 3587 856 3654 ἐκ
885 3583 999 3655 τούτου
1027 3584 1101 3666 τοὺς
1124 3583 1241 3669 νόμους
1263 3582 1391 3672 ἔθηκαν

134 3689 168 3760 οὶ
198 3691 352 3759 παλαιοί.
396 3694 574 3776 Antiphon.
598 3696 631 3757 V
658 3713 709 3774 14.
741 3688 883 3781 ὑπάρχει
903 3693 963 3777 μέν
986 3717 1020 3778 γε
1043 3687 1155 3772 αὐτοῖς
1177 3693 1216 3775 (τ.
1240 3693 1392 3779 φονικοῖς

133 3794 261 3882 νόμοις)
292 3791 522 3883 ἀρχαιοτάτοις
550 3790 634 3866 εἶναι
659 3798 692 3866 ἒν
713 3803 751 3886 τῇ
775 3804 814 3887 γῇ
837 3797 946 3885 ταύτῃ,
970 3796 1086 3864 ἔπειτα
1107 3795 1180 3876 τοὺς
1199 3791 1313 3874 αι’νιοὺς
1334 3792 1388 3861 ἀεὶ

134 3903 215 3986 περὶ
235 3899 300 3968 τῶν
322 3900 437 3987 αι’τῶν,
461 3899 543 3987 ὅπερ
565 3900 719 3992 μέγιστόν
741 3905 811 3972 ἐστι
829 3908 963 3992 σημεῖον
977 3898 1083 3986 νόμων
1097 3904 1205 3981 καλῶς
1219 3899 1385 3981 κειμένων.

221 4155 241 4221 ¹)
260 4157 338 4206 Euth.
368 4170 406 4207 10.
442 4159 557 4208 Socrates
581 4158 678 4223 quaerit
696 4174 727 4207 ex
750 4159 842 4208 Euthz
863 4160 893 4209 τί
910 4171 954 4209 σοι
972 4149 1122 4226 τεκμήριόν
1139 4156 1215 4209 ἔστιν
1233 4152 1269 4214 ὠς
1285 4149 1391 4214 πάντες

135 4247 162 4296 ολ
185 4248 250 4297 θεοὶ
273 4241 409 4314 ἡγοῦνται
434 4247 539 4300 ἐκεῖνον
562 4242 665 4305 ἀδίκοις
688 4246 830 4311 τεθνάναι,
856 4238 886 4304 ὃς
908 4237 963 4298 niv.
980 4282 1010 4296 ..
1034 4240 1132 4316 φθάσῃ
1156 4239 1318 4309 τελευτήσας
1341 4238 1390 4296 dmi

134 4351 163 4386 τε
186 4330 221 4385 τὰ
241 4330 341 4405 δεσμοί,
363 4337 432 4407 πρὶν
457 4333 505 4387 τὸν
527 4328 700 4400 ξννδήοαντα
717 4333 795 4405 παρὰ
816 4335 872 4387 τῶν
888 4324 1025 4402 ἰξήγητῶν
1043 4337 1109 4404 περὶ
1127 4329 1214 4386 αὐτοῦ
1232 4338 1390 4399 πυθέσθαι,

134 4428 163 4474 τί
176 4418 230 4493 χρὴ
249 4429 349 4497 ποιεῖν.
