<?xml version="1.0" encoding="UTF-8"?>
<!DOCTYPE html PUBLIC "-//W3C//DTD XHTML 1.0 Transitional//EN"
    "http://www.w3.org/TR/xhtml1/DTD/xhtml1-transitional.dtd">
<html xmlns="http://www.w3.org/1999/xhtml" xml:lang="en" lang="en">
 <head>
  <title>
</title>
<meta http-equiv="Content-Type" content="text/html;charset=utf-8" />
  <meta name='ocr-system' content='tesseract 3.04.00' />
  <meta name='ocr-capabilities' content='ocr_page ocr_carea ocr_par ocr_line ocrx_word'/>
</head>
<body>
  <div class='ocr_page' id='page_1' title='image "./decriminevouleu01passgoog_0036.png"; bbox 0 0 3350 5284; ppageno 0'>
   <div class='ocr_carea' id='block_1_1' title="bbox 818 471 1031 535">
    <p class='ocr_par' dir='ltr' id='par_1_1' title="bbox 818 471 1031 535">
     <span class='ocr_line' id='line_1_1' title="bbox 818 471 1031 535; baseline 0 -34"><span class='ocrx_word' id='word_1_1' title='bbox 818 471 1031 535; x_wconf 66' lang='lat'><em>-30,</em></span> 
     </span>
    </p>
   </div>
   <div class='ocr_carea' id='block_1_2' title="bbox 299 623 1558 1965">
    <p class='ocr_par' dir='ltr' id='par_1_2' title="bbox 299 623 1558 1965">
     <span class='ocr_line' id='line_1_2' title="bbox 384 623 1553 706; baseline -0.002 -18"><span class='ocrx_word' id='word_1_2' title='bbox 384 626 491 688; x_wconf 90' lang='lat' dir='ltr'>Nemo</span> <span class='ocrx_word' id='word_1_3' title='bbox 518 623 642 686; x_wconf 90' lang='lat' dir='ltr'>dubitat</span> <span class='ocrx_word' id='word_1_4' title='bbox 671 625 748 703; x_wconf 91' lang='lat' dir='ltr'>quin</span> <span class='ocrx_word' id='word_1_5' title='bbox 777 625 924 687; x_wconf 90' lang='lat' dir='ltr'>consulto</span> <span class='ocrx_word' id='word_1_6' title='bbox 954 644 1093 688; x_wconf 83' lang='lat' dir='ltr'>noverca</span> <span class='ocrx_word' id='word_1_7' title='bbox 1121 625 1195 687; x_wconf 88' lang='lat' dir='ltr'>viris</span> <span class='ocrx_word' id='word_1_8' title='bbox 1216 634 1355 687; x_wconf 88' lang='lat' dir='ltr'>mortem</span> <span class='ocrx_word' id='word_1_9' title='bbox 1377 625 1553 706; x_wconf 84' lang='lat' dir='ltr'>paraverit:</span> 
     </span>
     <span class='ocr_line' id='line_1_3' title="bbox 301 723 1553 812; baseline -0.002 -19"><span class='ocrx_word' id='word_1_10' title='bbox 301 730 333 812; x_wconf 63' lang='grc' dir='ltr'>(ξ</span> <span class='ocrx_word' id='word_1_11' title='bbox 357 730 386 811; x_wconf 82' lang='grc'>3)</span> <span class='ocrx_word' id='word_1_12' title='bbox 411 725 449 809; x_wconf 80' lang='grc' dir='ltr'>ἒξ</span> <span class='ocrx_word' id='word_1_13' title='bbox 481 726 659 812; x_wconf 72' lang='grc' dir='ltr'><strong><em>ἐπιβουλῆς</em></strong></span> <span class='ocrx_word' id='word_1_14' title='bbox 690 726 747 793; x_wconf 82' lang='grc' dir='ltr'>καὶ</span> <span class='ocrx_word' id='word_1_15' title='bbox 780 729 976 811; x_wconf 79' lang='grc' dir='ltr'><strong><em>προβουλῆς,</em></strong></span> <span class='ocrx_word' id='word_1_16' title='bbox 1008 732 1041 809; x_wconf 65' lang='grc' dir='ltr'>(ξ</span> <span class='ocrx_word' id='word_1_17' title='bbox 1067 733 1097 809; x_wconf 87' lang='grc'>5)</span> <span class='ocrx_word' id='word_1_18' title='bbox 1127 723 1285 807; x_wconf 81' lang='grc' dir='ltr'><em>ἑκουσίως</em></span> <span class='ocrx_word' id='word_1_19' title='bbox 1315 725 1351 793; x_wconf 78' lang='grc' dir='ltr'>ἐκ</span> <span class='ocrx_word' id='word_1_20' title='bbox 1380 725 1553 812; x_wconf 83' lang='grc' dir='ltr'><strong><em>προνοίας;</em></strong></span> 
     </span>
     <span class='ocr_line' id='line_1_4' title="bbox 300 833 1554 916; baseline -0.002 -18"><span class='ocrx_word' id='word_1_21' title='bbox 300 833 395 898; x_wconf 93' lang='lat' dir='ltr'>dolus</span> <span class='ocrx_word' id='word_1_22' title='bbox 425 834 528 897; x_wconf 91' lang='lat' dir='ltr'>malus</span> <span class='ocrx_word' id='word_1_23' title='bbox 557 834 587 895; x_wconf 95' lang='lat' dir='ltr'>in</span> <span class='ocrx_word' id='word_1_24' title='bbox 618 841 731 915; x_wconf 90' lang='lat' dir='ltr'>aperto</span> <span class='ocrx_word' id='word_1_25' title='bbox 761 843 826 911; x_wconf 89' lang='lat' dir='ltr'>est;</span> <span class='ocrx_word' id='word_1_26' title='bbox 858 855 946 916; x_wconf 89' lang='lat' dir='ltr'>ergo,</span> <span class='ocrx_word' id='word_1_27' title='bbox 979 844 1013 898; x_wconf 87' lang='lat' dir='ltr'>ut</span> <span class='ocrx_word' id='word_1_28' title='bbox 1040 854 1152 897; x_wconf 88' lang='lat' dir='ltr'>verum</span> <span class='ocrx_word' id='word_1_29' title='bbox 1185 835 1298 909; x_wconf 89' lang='lat' dir='ltr'>dicam,</span> <span class='ocrx_word' id='word_1_30' title='bbox 1328 853 1392 896; x_wconf 95' lang='lat' dir='ltr'>non</span> <span class='ocrx_word' id='word_1_31' title='bbox 1421 853 1554 915; x_wconf 89' lang='lat' dir='ltr'>possum</span> 
     </span>
     <span class='ocr_line' id='line_1_5' title="bbox 300 937 1554 1021; baseline -0.001 -20"><span class='ocrx_word' id='word_1_32' title='bbox 300 939 365 1002; x_wconf 84' lang='lat' dir='ltr'>ulla</span> <span class='ocrx_word' id='word_1_33' title='bbox 390 937 584 1021; x_wconf 84' lang='lat' dir='ltr'>cogitatione</span> <span class='ocrx_word' id='word_1_34' title='bbox 611 940 773 1020; x_wconf 89' lang='lat' dir='ltr'>consequi,</span> <span class='ocrx_word' id='word_1_35' title='bbox 804 959 869 1020; x_wconf 90' lang='lat' dir='ltr'>qua</span> <span class='ocrx_word' id='word_1_36' title='bbox 890 941 932 1002; x_wconf 90' lang='lat' dir='ltr'>de</span> <span class='ocrx_word' id='word_1_37' title='bbox 951 941 1076 1002; x_wconf 88' lang='lat' dir='ltr'>ratione</span> <span class='ocrx_word' id='word_1_38' title='bbox 1096 959 1214 1021; x_wconf 85' lang='lat' dir='ltr'>negare</span> <span class='ocrx_word' id='word_1_39' title='bbox 1237 941 1307 1020; x_wconf 86' lang='lat' dir='ltr'>quis</span> <span class='ocrx_word' id='word_1_40' title='bbox 1329 939 1431 1020; x_wconf 86' lang='lat' dir='ltr'>possit</span> <span class='ocrx_word' id='word_1_41' title='bbox 1453 938 1554 1001; x_wconf 89' lang='lat' dir='ltr'>Areo-</span> 
     </span>
     <span class='ocr_line' id='line_1_6' title="bbox 300 1044 1556 1127; baseline -0.001 -21"><span class='ocrx_word' id='word_1_42' title='bbox 300 1065 388 1127; x_wconf 86' lang='lat' dir='ltr'>pago</span> <span class='ocrx_word' id='word_1_43' title='bbox 410 1065 483 1107; x_wconf 90' lang='lat' dir='ltr'>eam</span> <span class='ocrx_word' id='word_1_44' title='bbox 504 1045 663 1106; x_wconf 87' lang='lat' dir='ltr'>actionem</span> <span class='ocrx_word' id='word_1_45' title='bbox 686 1045 882 1108; x_wconf 89' lang='lat' dir='ltr'>convenisse.</span> <span class='ocrx_word' id='word_1_46' title='bbox 918 1045 1018 1108; x_wconf 88' lang='lat' dir='ltr'>Miror</span> <span class='ocrx_word' id='word_1_47' title='bbox 1039 1046 1194 1127; x_wconf 85' lang='lat' dir='ltr'>imprimis</span> <span class='ocrx_word' id='word_1_48' title='bbox 1212 1044 1416 1126; x_wconf 61' lang='lat' dir='ltr'>‘Philippium</span> <span class='ocrx_word' id='word_1_49' title='bbox 1440 1045 1492 1122; x_wconf 92' lang='lat' dir='ltr'>qui</span> <span class='ocrx_word' id='word_1_50' title='bbox 1513 1044 1556 1105; x_wconf 90' lang='lat' dir='ltr'>de</span> 
     </span>
     <span class='ocr_line' id='line_1_7' title="bbox 300 1148 1554 1231; baseline -0.002 -19"><span class='ocrx_word' id='word_1_51' title='bbox 300 1148 435 1231; x_wconf 90' lang='lat' dir='ltr'>Antiph.</span> <span class='ocrx_word' id='word_1_52' title='bbox 451 1170 497 1212; x_wconf 91' lang='lat' dir='ltr'>or.</span> <span class='ocrx_word' id='word_1_53' title='bbox 514 1148 563 1211; x_wconf 91' lang='lat' dir='ltr'>Vl</span> <span class='ocrx_word' id='word_1_54' title='bbox 585 1149 684 1211; x_wconf 90' lang='lat' dir='ltr'>verba</span> <span class='ocrx_word' id='word_1_55' title='bbox 706 1148 824 1212; x_wconf 81' lang='lat' dir='ltr'>faciens</span> <span class='ocrx_word' id='word_1_56' title='bbox 847 1150 1015 1213; x_wconf 88' lang='lat' dir='ltr'>discrimen</span> <span class='ocrx_word' id='word_1_57' title='bbox 1037 1171 1055 1212; x_wconf 90' lang='lat' dir='ltr'>e</span> <span class='ocrx_word' id='word_1_58' title='bbox 1079 1150 1156 1212; x_wconf 92' lang='lat' dir='ltr'>dolo</span> <span class='ocrx_word' id='word_1_59' title='bbox 1175 1149 1261 1211; x_wconf 92' lang='lat' dir='ltr'>malo</span> <span class='ocrx_word' id='word_1_60' title='bbox 1276 1151 1467 1212; x_wconf 88' lang='lat' dir='ltr'>sumendum</span> <span class='ocrx_word' id='word_1_61' title='bbox 1484 1167 1554 1210; x_wconf 90' lang='lat' dir='ltr'>esse</span> 
     </span>
     <span class='ocr_line' id='line_1_8' title="bbox 300 1248 1555 1338; baseline -0.002 -21"><span class='ocrx_word' id='word_1_62' title='bbox 300 1256 370 1336; x_wconf 88' lang='lat' dir='ltr'>ipse</span> <span class='ocrx_word' id='word_1_63' title='bbox 385 1255 461 1316; x_wconf 91' lang='lat' dir='ltr'>dicit</span> <span class='ocrx_word' id='word_1_64' title='bbox 475 1253 545 1335; x_wconf 82' lang='lat' dir='ltr'>(Ar.</span> <span class='ocrx_word' id='word_1_65' title='bbox 563 1275 591 1315; x_wconf 91' lang='lat' dir='ltr'>u.</span> <span class='ocrx_word' id='word_1_66' title='bbox 608 1253 691 1335; x_wconf 90' lang='lat' dir='ltr'>Eph.</span> <span class='ocrx_word' id='word_1_67' title='bbox 709 1255 777 1334; x_wconf 80' lang='lat'>34):</span> <span class='ocrx_word' id='word_1_68' title='bbox 799 1255 872 1317; x_wconf 74' lang='lat' dir='ltr'>»der</span> <span class='ocrx_word' id='word_1_69' title='bbox 886 1248 1056 1338; x_wconf 81' lang='grc' dir='ltr'><strong><em>βούλευσις</em></strong></span> <span class='ocrx_word' id='word_1_70' title='bbox 1070 1254 1166 1317; x_wconf 86' lang='lat' dir='ltr'>sehlte</span> <span class='ocrx_word' id='word_1_71' title='bbox 1182 1253 1251 1316; x_wconf 89' lang='lat' dir='ltr'>also</span> <span class='ocrx_word' id='word_1_72' title='bbox 1267 1252 1318 1315; x_wconf 87' lang='lat' dir='ltr'>die</span> <span class='ocrx_word' id='word_1_73' title='bbox 1333 1249 1474 1335; x_wconf 87' lang='grc' dir='ltr'><strong><em>πρόνοια</em></strong></span> <span class='ocrx_word' id='word_1_74' title='bbox 1490 1254 1555 1315; x_wconf 92' lang='lat' dir='ltr'>und</span> 
     </span>
     <span class='ocr_line' id='line_1_9' title="bbox 299 1357 1555 1434; baseline -0.002 -12"><span class='ocrx_word' id='word_1_75' title='bbox 299 1360 358 1422; x_wconf 87' lang='lat' dir='ltr'>das</span> <span class='ocrx_word' id='word_1_76' title='bbox 381 1359 475 1422; x_wconf 84' lang='lat' dir='ltr'>allein</span> <span class='ocrx_word' id='word_1_77' title='bbox 497 1358 591 1421; x_wconf 91' lang='lat' dir='ltr'>sollte</span> <span class='ocrx_word' id='word_1_78' title='bbox 614 1358 673 1420; x_wconf 86' lang='lat' dir='ltr'>auf</span> <span class='ocrx_word' id='word_1_79' title='bbox 690 1360 742 1421; x_wconf 88' lang='lat' dir='ltr'>die</span> <span class='ocrx_word' id='word_1_80' title='bbox 765 1359 937 1422; x_wconf 88' lang='lat' dir='ltr'>Annahme</span> <span class='ocrx_word' id='word_1_81' title='bbox 960 1359 1137 1434; x_wconf 81' lang='lat' dir='ltr'>hinfuhren,</span> <span class='ocrx_word' id='word_1_82' title='bbox 1160 1359 1236 1420; x_wconf 87' lang='lat' dir='ltr'>dass</span> <span class='ocrx_word' id='word_1_83' title='bbox 1251 1378 1310 1420; x_wconf 91' lang='lat' dir='ltr'>nur</span> <span class='ocrx_word' id='word_1_84' title='bbox 1325 1378 1365 1421; x_wconf 91' lang='lat' dir='ltr'>an</span> <span class='ocrx_word' id='word_1_85' title='bbox 1384 1359 1442 1420; x_wconf 91' lang='lat' dir='ltr'>das</span> <span class='ocrx_word' id='word_1_86' title='bbox 1456 1357 1555 1420; x_wconf 86' lang='lat' dir='ltr'>Palla·</span> 
     </span>
     <span class='ocr_line' id='line_1_10' title="bbox 301 1462 1557 1547; baseline -0.003 -20"><span class='ocrx_word' id='word_1_87' title='bbox 301 1464 451 1527; x_wconf 88' lang='lat' dir='ltr'>dium—</span> <span class='ocrx_word' id='word_1_88' title='bbox 476 1462 592 1527; x_wconf 86' lang='lat' dir='ltr'>nicht</span> <span class='ocrx_word' id='word_1_89' title='bbox 624 1484 671 1526; x_wconf 89' lang='lat' dir='ltr'>an</span> <span class='ocrx_word' id='word_1_90' title='bbox 704 1465 780 1526; x_wconf 90' lang='lat' dir='ltr'>den</span> <span class='ocrx_word' id='word_1_91' title='bbox 814 1464 1012 1547; x_wconf 87' lang='lat' dir='ltr'>Areopag</span> <span class='ocrx_word' id='word_1_92' title='bbox 1039 1465 1086 1527; x_wconf 90' lang='lat' dir='ltr'>als</span> <span class='ocrx_word' id='word_1_93' title='bbox 1119 1462 1329 1527; x_wconf 86' lang='lat' dir='ltr'>Gerichtshof</span> <span class='ocrx_word' id='word_1_94' title='bbox 1356 1483 1395 1524; x_wconf 91' lang='lat' dir='ltr'>zu</span> <span class='ocrx_word' id='word_1_95' title='bbox 1430 1462 1557 1524; x_wconf 87' lang='lat' dir='ltr'>denken</span> 
     </span>
     <span class='ocr_line' id='line_1_11' title="bbox 300 1568 1557 1651; baseline -0.002 -19"><span class='ocrx_word' id='word_1_96' title='bbox 300 1568 374 1632; x_wconf 75' lang='lat' dir='ltr'>sei«</span> <span class='ocrx_word' id='word_1_97' title='bbox 400 1603 441 1614; x_wconf 89' lang='lat'>-</span> <span class='ocrx_word' id='word_1_98' title='bbox 463 1568 620 1632; x_wconf 86' lang='lat' dir='ltr'>Probatur</span> <span class='ocrx_word' id='word_1_99' title='bbox 642 1568 720 1630; x_wconf 89' lang='lat' dir='ltr'>mihi</span> <span class='ocrx_word' id='word_1_100' title='bbox 740 1568 803 1631; x_wconf 89' lang='lat' dir='ltr'>hoc</span> <span class='ocrx_word' id='word_1_101' title='bbox 825 1570 1031 1651; x_wconf 81' lang='lat' dir='ltr'>principium3</span> <span class='ocrx_word' id='word_1_102' title='bbox 1062 1571 1132 1632; x_wconf 87' lang='lat' dir='ltr'>vice</span> <span class='ocrx_word' id='word_1_103' title='bbox 1153 1589 1247 1631; x_wconf 87' lang='lat' dir='ltr'>versa</span> <span class='ocrx_word' id='word_1_104' title='bbox 1268 1578 1377 1632; x_wconf 84' lang='lat' dir='ltr'>autem</span> <span class='ocrx_word' id='word_1_105' title='bbox 1398 1587 1461 1648; x_wconf 88' lang='lat' dir='ltr'>ego</span> <span class='ocrx_word' id='word_1_106' title='bbox 1483 1568 1557 1629; x_wconf 87' lang='lat' dir='ltr'>dico</span> 
     </span>
     <span class='ocr_line' id='line_1_12' title="bbox 303 1673 1556 1756; baseline 0.001 -22"><span class='ocrx_word' id='word_1_107' title='bbox 303 1674 353 1736; x_wconf 77' lang='lat' dir='ltr'>»in</span> <span class='ocrx_word' id='word_1_108' title='bbox 375 1673 510 1756; x_wconf 89' lang='lat' dir='ltr'>Antiph.</span> <span class='ocrx_word' id='word_1_109' title='bbox 531 1674 545 1737; x_wconf 96' lang='lat' dir='ltr'>I</span> <span class='ocrx_word' id='word_1_110' title='bbox 567 1675 687 1737; x_wconf 90' lang='lat' dir='ltr'>crimen</span> <span class='ocrx_word' id='word_1_111' title='bbox 709 1693 782 1736; x_wconf 93' lang='lat' dir='ltr'>cum</span> <span class='ocrx_word' id='word_1_112' title='bbox 804 1674 890 1736; x_wconf 88' lang='lat' dir='ltr'>malo</span> <span class='ocrx_word' id='word_1_113' title='bbox 912 1674 990 1737; x_wconf 93' lang='lat' dir='ltr'>dolo</span> <span class='ocrx_word' id='word_1_114' title='bbox 1012 1676 1217 1737; x_wconf 87' lang='lat' dir='ltr'>coniunctum</span> <span class='ocrx_word' id='word_1_115' title='bbox 1239 1694 1310 1737; x_wconf 88' lang='lat' dir='ltr'>esse</span> <span class='ocrx_word' id='word_1_116' title='bbox 1330 1692 1426 1735; x_wconf 90' lang='lat' dir='ltr'>nemo</span> <span class='ocrx_word' id='word_1_117' title='bbox 1448 1682 1556 1755; x_wconf 90' lang='lat' dir='ltr'>negat,</span> 
     </span>
     <span class='ocr_line' id='line_1_13' title="bbox 300 1777 1558 1863; baseline -0.001 -21"><span class='ocrx_word' id='word_1_118' title='bbox 300 1780 389 1863; x_wconf 92' lang='lat' dir='ltr'>quod</span> <span class='ocrx_word' id='word_1_119' title='bbox 412 1779 516 1842; x_wconf 88' lang='lat' dir='ltr'>solum</span> <span class='ocrx_word' id='word_1_120' title='bbox 539 1781 601 1842; x_wconf 85' lang='lat' dir='ltr'>iam</span> <span class='ocrx_word' id='word_1_121' title='bbox 623 1777 741 1843; x_wconf 83' lang='lat' dir='ltr'>sufficit</span> <span class='ocrx_word' id='word_1_122' title='bbox 762 1779 803 1841; x_wconf 92' lang='lat' dir='ltr'>ad</span> <span class='ocrx_word' id='word_1_123' title='bbox 825 1780 1110 1842; x_wconf 87' lang='lat' dir='ltr'>demonstrandum</span> <span class='ocrx_word' id='word_1_124' title='bbox 1132 1779 1265 1860; x_wconf 86' lang='lat' dir='ltr'>cogitari</span> <span class='ocrx_word' id='word_1_125' title='bbox 1294 1798 1360 1842; x_wconf 92' lang='lat' dir='ltr'>non</span> <span class='ocrx_word' id='word_1_126' title='bbox 1381 1799 1478 1860; x_wconf 89' lang='lat' dir='ltr'>posse</span> <span class='ocrx_word' id='word_1_127' title='bbox 1499 1779 1558 1842; x_wconf 86' lang='lat' dir='ltr'>nisi</span> 
     </span>
     <span class='ocr_line' id='line_1_14' title="bbox 300 1884 568 1965; baseline -0.015 -17"><span class='ocrx_word' id='word_1_128' title='bbox 300 1886 342 1949; x_wconf 89' lang='lat' dir='ltr'>de</span> <span class='ocrx_word' id='word_1_129' title='bbox 362 1884 568 1965; x_wconf 86' lang='lat' dir='ltr'>Areopago.‹</span> 
     </span>
    </p>
   </div>
   <div class='ocr_carea' id='block_1_3' title="bbox 301 2008 1560 2624">
    <p class='ocr_par' dir='ltr' id='par_1_3' title="bbox 301 2008 1560 2624">
     <span class='ocr_line' id='line_1_15' title="bbox 386 2008 1559 2092; baseline 0.002 -21"><span class='ocrx_word' id='word_1_130' title='bbox 386 2010 555 2073; x_wconf 86' lang='lat' dir='ltr'>Praeterea</span> <span class='ocrx_word' id='word_1_131' title='bbox 585 2010 804 2092; x_wconf 86' lang='lat' dir='ltr'>Areopagitas</span> <span class='ocrx_word' id='word_1_132' title='bbox 838 2008 934 2072; x_wconf 81' lang='lat' dir='ltr'>luisse</span> <span class='ocrx_word' id='word_1_133' title='bbox 967 2010 1094 2085; x_wconf 91' lang='lat' dir='ltr'>iudices,</span> <span class='ocrx_word' id='word_1_134' title='bbox 1126 2031 1169 2073; x_wconf 88' lang='lat' dir='ltr'>ex</span> <span class='ocrx_word' id='word_1_135' title='bbox 1201 2011 1271 2092; x_wconf 91' lang='lat' dir='ltr'>ipsa</span> <span class='ocrx_word' id='word_1_136' title='bbox 1300 2010 1444 2072; x_wconf 89' lang='lat' dir='ltr'>oratione</span> <span class='ocrx_word' id='word_1_137' title='bbox 1473 2011 1559 2073; x_wconf 89' lang='lat' dir='ltr'>testi·</span> 
     </span>
     <span class='ocr_line' id='line_1_16' title="bbox 301 2114 1559 2196; baseline 0.001 -20"><span class='ocrx_word' id='word_1_138' title='bbox 301 2116 448 2177; x_wconf 93' lang='lat' dir='ltr'>monium</span> <span class='ocrx_word' id='word_1_139' title='bbox 471 2116 670 2179; x_wconf 90' lang='lat' dir='ltr'>demonstrat</span> <span class='ocrx_word' id='word_1_140' title='bbox 693 2114 992 2179; x_wconf 91' lang='lat' dir='ltr'>luculentissimum:</span> <span class='ocrx_word' id='word_1_141' title='bbox 1016 2125 1107 2178; x_wconf 88' lang='lat' dir='ltr'>actor</span> <span class='ocrx_word' id='word_1_142' title='bbox 1127 2116 1212 2179; x_wconf 88' lang='lat' dir='ltr'>enim</span> <span class='ocrx_word' id='word_1_143' title='bbox 1226 2117 1267 2178; x_wconf 91' lang='lat' dir='ltr'>ad</span> <span class='ocrx_word' id='word_1_144' title='bbox 1282 2115 1411 2196; x_wconf 88' lang='lat' dir='ltr'>paelicis</span> <span class='ocrx_word' id='word_1_145' title='bbox 1426 2135 1445 2178; x_wconf 91' lang='lat' dir='ltr'>a</span> <span class='ocrx_word' id='word_1_146' title='bbox 1461 2116 1559 2179; x_wconf 90' lang='lat' dir='ltr'>carni-</span> 
     </span>
     <span class='ocr_line' id='line_1_17' title="bbox 301 2220 1560 2303; baseline 0 -21"><span class='ocrx_word' id='word_1_147' title='bbox 301 2220 361 2282; x_wconf 87' lang='lat' dir='ltr'>fice</span> <span class='ocrx_word' id='word_1_148' title='bbox 391 2221 454 2282; x_wconf 88' lang='lat' dir='ltr'>iam</span> <span class='ocrx_word' id='word_1_149' title='bbox 485 2227 617 2283; x_wconf 83' lang='lat' dir='ltr'>necatae</span> <span class='ocrx_word' id='word_1_150' title='bbox 647 2230 784 2284; x_wconf 91' lang='lat' dir='ltr'>mortem</span> <span class='ocrx_word' id='word_1_151' title='bbox 793 2222 817 2302; x_wconf 85' lang='lat'>¹)</span> <span class='ocrx_word' id='word_1_152' title='bbox 848 2220 1027 2303; x_wconf 90' lang='lat' dir='ltr'>respiciens,</span> <span class='ocrx_word' id='word_1_153' title='bbox 1059 2230 1093 2283; x_wconf 92' lang='lat' dir='ltr'>ut</span> <span class='ocrx_word' id='word_1_154' title='bbox 1123 2223 1258 2283; x_wconf 88' lang='lat' dir='ltr'>eandem</span> <span class='ocrx_word' id='word_1_155' title='bbox 1281 2241 1439 2283; x_wconf 86' lang='lat' dir='ltr'>novercae</span> <span class='ocrx_word' id='word_1_156' title='bbox 1460 2221 1560 2283; x_wconf 89' lang='lat' dir='ltr'>etiarn</span> 
     </span>
     <span class='ocr_line' id='line_1_18' title="bbox 301 2310 1557 2412; baseline 0 -24"><span class='ocrx_word' id='word_1_157' title='bbox 301 2346 441 2407; x_wconf 90' lang='lat' dir='ltr'>poenam</span> <span class='ocrx_word' id='word_1_158' title='bbox 470 2324 614 2406; x_wconf 85' lang='lat' dir='ltr'>infligant</span> <span class='ocrx_word' id='word_1_159' title='bbox 642 2325 760 2388; x_wconf 88' lang='lat' dir='ltr'>iudices</span> <span class='ocrx_word' id='word_1_160' title='bbox 789 2335 921 2407; x_wconf 88' lang='lat' dir='ltr'>perorat</span> <span class='ocrx_word' id='word_1_161' title='bbox 949 2329 1049 2407; x_wconf 75' lang='lat'>§201</span> <span class='ocrx_word' id='word_1_162' title='bbox 1084 2316 1163 2389; x_wconf 78' lang='grc' dir='ltr'><strong><em>ἄνθ’</em></strong></span> <span class='ocrx_word' id='word_1_163' title='bbox 1196 2310 1240 2390; x_wconf 87' lang='grc' dir='ltr'>ὧν</span> <span class='ocrx_word' id='word_1_164' title='bbox 1271 2317 1292 2412; x_wconf 82' lang='grc' dir='ltr'><em>ἡ</em></span> <span class='ocrx_word' id='word_1_165' title='bbox 1319 2325 1380 2405; x_wconf 80' lang='grc' dir='ltr'>μὲν</span> <span class='ocrx_word' id='word_1_166' title='bbox 1406 2326 1557 2404; x_wconf 68' lang='grc' dir='ltr'><strong><em>διαπονή-</em></strong></span> 
     </span>
     <span class='ocr_line' id='line_1_19' title="bbox 304 2415 1558 2516; baseline -0.002 -20"><span class='ocrx_word' id='word_1_167' title='bbox 304 2451 392 2496; x_wconf 92' lang='grc' dir='ltr'><strong><em>σασα</em></strong></span> <span class='ocrx_word' id='word_1_168' title='bbox 416 2425 483 2511; x_wconf 72' lang='grc' dir='ltr'><strong><em>ἔχει</em></strong></span> <span class='ocrx_word' id='word_1_169' title='bbox 504 2425 547 2494; x_wconf 82' lang='grc' dir='ltr'>τὰ</span> <span class='ocrx_word' id='word_1_170' title='bbox 569 2425 721 2511; x_wconf 71' lang='grc' dir='ltr'><strong><em>ἐπίχειρα</em></strong></span> <span class='ocrx_word' id='word_1_171' title='bbox 743 2415 788 2495; x_wconf 82' lang='grc' dir='ltr'>ὧν</span> <span class='ocrx_word' id='word_1_172' title='bbox 810 2422 889 2510; x_wconf 83' lang='grc' dir='ltr'><strong><em>ἆξία</em></strong></span> <span class='ocrx_word' id='word_1_173' title='bbox 912 2419 950 2511; x_wconf 77' lang='grc' dir='ltr'>ἦν</span> <span class='ocrx_word' id='word_1_174' title='bbox 973 2425 1067 2496; x_wconf 77' lang='grc' dir='ltr'><strong><em>οὐδὲν</em></strong></span> <span class='ocrx_word' id='word_1_175' title='bbox 1089 2425 1181 2494; x_wconf 80' lang='grc' dir='ltr'><strong><em>αἰτία</em></strong></span> <span class='ocrx_word' id='word_1_176' title='bbox 1203 2416 1284 2494; x_wconf 75' lang='grc' dir='ltr'><strong><em>οὖσα</em></strong></span> <span class='ocrx_word' id='word_1_177' title='bbox 1300 2467 1344 2479; x_wconf 85' lang='lat'><em>-</em></span> <span class='ocrx_word' id='word_1_178' title='bbox 1357 2433 1404 2516; x_wconf 74' lang='grc' dir='ltr'>τῷ</span> <span class='ocrx_word' id='word_1_179' title='bbox 1422 2425 1482 2513; x_wconf 87' lang='grc' dir='ltr'>χὰρ</span> <span class='ocrx_word' id='word_1_180' title='bbox 1498 2429 1558 2515; x_wconf 91' lang='grc' dir='ltr'>δη-</span> 
     </span>
     <span class='ocr_line' id='line_1_20' title="bbox 302 2525 1558 2624; baseline -0.002 -23"><span class='ocrx_word' id='word_1_181' title='bbox 302 2534 446 2624; x_wconf 83' lang='grc' dir='ltr'><strong><em>μοκοίνιμ</em></strong></span> <span class='ocrx_word' id='word_1_182' title='bbox 457 2542 673 2621; x_wconf 87' lang='grc' dir='ltr'><strong><em>τροχισθεῖσα</em></strong></span> <span class='ocrx_word' id='word_1_183' title='bbox 684 2533 859 2620; x_wconf 75' lang='grc' dir='ltr'><strong><em>παρεδόθη</em></strong></span> <span class='ocrx_word' id='word_1_184' title='bbox 872 2573 915 2583; x_wconf 95' lang='grc'>-</span> <span class='ocrx_word' id='word_1_185' title='bbox 925 2529 949 2620; x_wconf 79' lang='grc' dir='ltr'>ἡ</span> <span class='ocrx_word' id='word_1_186' title='bbox 968 2528 999 2601; x_wconf 77' lang='grc' dir='ltr'>δ’</span> <span class='ocrx_word' id='word_1_187' title='bbox 1017 2531 1109 2600; x_wconf 83' lang='grc' dir='ltr'><strong><em>αἰτία</em></strong></span> <span class='ocrx_word' id='word_1_188' title='bbox 1123 2555 1158 2598; x_wconf 83' lang='grc' dir='ltr'>τε</span> <span class='ocrx_word' id='word_1_189' title='bbox 1174 2525 1236 2619; x_wconf 73' lang='grc' dir='ltr'>ἤδη</span> <span class='ocrx_word' id='word_1_190' title='bbox 1251 2532 1308 2597; x_wconf 83' lang='grc' dir='ltr'>καὶ</span> <span class='ocrx_word' id='word_1_191' title='bbox 1327 2531 1558 2618; x_wconf 81' lang='grc' dir='ltr'><strong><em>ἐνθυμηθεῖσα</em></strong></span> 
     </span>
    </p>
   </div>
   <div class='ocr_carea' id='block_1_4' title="bbox 301 2634 1560 3582">
    <p class='ocr_par' dir='ltr' id='par_1_4' title="bbox 301 2634 1559 3250">
     <span class='ocr_line' id='line_1_21' title="bbox 303 2634 1557 2726; baseline -0.002 -21"><span class='ocrx_word' id='word_1_192' title='bbox 303 2640 372 2724; x_wconf 77' lang='grc' dir='ltr'>[καὶ</span> <span class='ocrx_word' id='word_1_193' title='bbox 400 2643 666 2726; x_wconf 78' lang='grc' dir='ltr'><strong><em>χειρουργήσασα]</em></strong></span> <span class='ocrx_word' id='word_1_194' title='bbox 700 2639 785 2722; x_wconf 70' lang='grc' dir='ltr'><strong><em>ἕξει</em></strong></span> <span class='ocrx_word' id='word_1_195' title='bbox 819 2637 876 2706; x_wconf 79' lang='grc' dir='ltr'>ἐὰν</span> <span class='ocrx_word' id='word_1_196' title='bbox 896 2634 989 2723; x_wconf 76' lang='grc' dir='ltr'><strong><em>ὑμεῖς</em></strong></span> <span class='ocrx_word' id='word_1_197' title='bbox 1009 2664 1043 2705; x_wconf 85' lang='grc' dir='ltr'>τε</span> <span class='ocrx_word' id='word_1_198' title='bbox 1064 2640 1121 2705; x_wconf 85' lang='grc' dir='ltr'>καὶ</span> <span class='ocrx_word' id='word_1_199' title='bbox 1145 2637 1176 2706; x_wconf 80' lang='grc' dir='ltr'>οὶ</span> <span class='ocrx_word' id='word_1_200' title='bbox 1199 2639 1276 2705; x_wconf 85' lang='grc' dir='ltr'><strong><em>θεοὶ</em></strong></span> <span class='ocrx_word' id='word_1_201' title='bbox 1302 2638 1455 2708; x_wconf 84' lang='grc' dir='ltr'><strong><em>θέλωσιν.</em></strong></span> <span class='ocrx_word' id='word_1_202' title='bbox 1500 2640 1557 2702; x_wconf 87' lang='lat' dir='ltr'>cfr.</span> 
     </span>
     <span class='ocr_line' id='line_1_22' title="bbox 302 2735 1559 2830; baseline 0.002 -22"><span class='ocrx_word' id='word_1_203' title='bbox 302 2747 401 2808; x_wconf 90' lang='lat' dir='ltr'>eiusd.</span> <span class='ocrx_word' id='word_1_204' title='bbox 426 2767 471 2808; x_wconf 92' lang='lat' dir='ltr'>or.</span> <span class='ocrx_word' id='word_1_205' title='bbox 496 2750 516 2826; x_wconf 59' lang='grc' dir='ltr'><em>ᾖ</em></span> <span class='ocrx_word' id='word_1_206' title='bbox 540 2763 595 2827; x_wconf 90' lang='lat'>27:</span> <span class='ocrx_word' id='word_1_207' title='bbox 618 2745 675 2811; x_wconf 83' lang='grc' dir='ltr'>καὶ</span> <span class='ocrx_word' id='word_1_208' title='bbox 699 2741 811 2830; x_wconf 83' lang='grc' dir='ltr'><strong><em>ὥσπερ</em></strong></span> <span class='ocrx_word' id='word_1_209' title='bbox 834 2744 957 2812; x_wconf 79' lang='grc' dir='ltr'><strong><em>ἐκεῖνον</em></strong></span> <span class='ocrx_word' id='word_1_210' title='bbox 979 2747 1152 2826; x_wconf 83' lang='lat' dir='ltr'>(maritum)</span> <span class='ocrx_word' id='word_1_211' title='bbox 1174 2738 1254 2830; x_wconf 73' lang='grc' dir='ltr'><strong><em>αἰτὴ</em></strong></span> <span class='ocrx_word' id='word_1_212' title='bbox 1276 2735 1348 2810; x_wconf 60' lang='grc' dir='ltr'><strong><em>οὔτε</em></strong></span> <span class='ocrx_word' id='word_1_213' title='bbox 1370 2741 1469 2824; x_wconf 80' lang='grc' dir='ltr'><strong><em>θεοὺς</em></strong></span> <span class='ocrx_word' id='word_1_214' title='bbox 1483 2740 1559 2810; x_wconf 69' lang='grc' dir='ltr'><strong><em>οὔτε</em></strong></span> 
     </span>
     <span class='ocr_line' id='line_1_23' title="bbox 304 2841 1557 2937; baseline 0 -24"><span class='ocrx_word' id='word_1_215' title='bbox 304 2844 412 2937; x_wconf 76' lang='grc' dir='ltr'><strong><em>ἥρωας</em></strong></span> <span class='ocrx_word' id='word_1_216' title='bbox 437 2842 506 2916; x_wconf 69' lang='grc' dir='ltr'><strong><em>οὔτ’</em></strong></span> <span class='ocrx_word' id='word_1_217' title='bbox 533 2844 730 2933; x_wconf 74' lang='grc' dir='ltr'><strong><em>ἀνθρώπους</em></strong></span> <span class='ocrx_word' id='word_1_218' title='bbox 753 2850 892 2916; x_wconf 82' lang='grc' dir='ltr'><strong><em>δείσασα</em></strong></span> <span class='ocrx_word' id='word_1_219' title='bbox 912 2843 1090 2929; x_wconf 75' lang='grc' dir='ltr'><strong><em>ἀπώλεσεν,</em></strong></span> <span class='ocrx_word' id='word_1_220' title='bbox 1114 2844 1198 2916; x_wconf 67' lang='grc' dir='ltr'><strong><em>οὕτω</em></strong></span> <span class='ocrx_word' id='word_1_221' title='bbox 1218 2850 1275 2916; x_wconf 86' lang='grc' dir='ltr'>καὶ</span> <span class='ocrx_word' id='word_1_222' title='bbox 1293 2842 1373 2936; x_wconf 77' lang='grc' dir='ltr'><strong><em>αὐτὴ</em></strong></span> <span class='ocrx_word' id='word_1_223' title='bbox 1389 2841 1448 2933; x_wconf 73' lang='grc' dir='ltr'>ὑφ’</span> <span class='ocrx_word' id='word_1_224' title='bbox 1464 2842 1557 2930; x_wconf 73' lang='grc' dir='ltr'><strong><em>ὑμῶν</em></strong></span> 
     </span>
     <span class='ocr_line' id='line_1_24' title="bbox 302 2946 1556 3043; baseline -0.001 -24"><span class='ocrx_word' id='word_1_225' title='bbox 302 2955 360 3020; x_wconf 85' lang='grc' dir='ltr'>καὶ</span> <span class='ocrx_word' id='word_1_226' title='bbox 391 2959 449 3021; x_wconf 83' lang='grc' dir='ltr'>τοῦ</span> <span class='ocrx_word' id='word_1_227' title='bbox 485 2954 617 3021; x_wconf 81' lang='grc' dir='ltr'><strong><em>δικαίου</em></strong></span> <span class='ocrx_word' id='word_1_228' title='bbox 646 2947 835 3040; x_wconf 75' lang='grc' dir='ltr'><strong><em>ἀπολομένη</em></strong></span> <span class='ocrx_word' id='word_1_229' title='bbox 869 2955 925 3021; x_wconf 78' lang='grc' dir='ltr'>καὶ</span> <span class='ocrx_word' id='word_1_230' title='bbox 958 2951 1003 3043; x_wconf 75' lang='grc' dir='ltr'>μη</span> <span class='ocrx_word' id='word_1_231' title='bbox 1036 2959 1177 3038; x_wconf 81' lang='grc' dir='ltr'><strong><em>τυχοῦσα</em></strong></span> <span class='ocrx_word' id='word_1_232' title='bbox 1210 2950 1286 3042; x_wconf 75' lang='grc' dir='ltr'><strong><em>μήτ’</em></strong></span> <span class='ocrx_word' id='word_1_233' title='bbox 1329 2950 1443 3033; x_wconf 81' lang='grc' dir='ltr'><strong><em>αἰδοῦς</em></strong></span> <span class='ocrx_word' id='word_1_234' title='bbox 1477 2946 1556 3041; x_wconf 75' lang='grc' dir='ltr'><strong><em>μήτ’</em></strong></span> 
     </span>
     <span class='ocr_line' id='line_1_25' title="bbox 303 3052 1558 3151; baseline 0 -25"><span class='ocrx_word' id='word_1_235' title='bbox 303 3058 396 3126; x_wconf 81' lang='grc' dir='ltr'><strong><em>ἐλέου</em></strong></span> <span class='ocrx_word' id='word_1_236' title='bbox 426 3052 499 3151; x_wconf 73' lang='grc' dir='ltr'><strong><em>μήτ’</em></strong></span> <span class='ocrx_word' id='word_1_237' title='bbox 526 3055 677 3144; x_wconf 75' lang='grc' dir='ltr'><strong><em>αἰσχύνης</em></strong></span> <span class='ocrx_word' id='word_1_238' title='bbox 698 3060 861 3145; x_wconf 81' lang='grc' dir='ltr'><strong><em>μηδεμιᾶς</em></strong></span> <span class='ocrx_word' id='word_1_239' title='bbox 882 3053 964 3145; x_wconf 75' lang='grc' dir='ltr'><strong><em>παρ’</em></strong></span> <span class='ocrx_word' id='word_1_240' title='bbox 988 3053 1078 3143; x_wconf 80' lang='grc' dir='ltr'><strong><em>ὑμῶν</em></strong></span> <span class='ocrx_word' id='word_1_241' title='bbox 1098 3065 1153 3147; x_wconf 82' lang='grc' dir='ltr'><strong><em>τῆς</em></strong></span> <span class='ocrx_word' id='word_1_242' title='bbox 1175 3055 1386 3146; x_wconf 79' lang='grc' dir='ltr'><strong><em>δικαιοτάτης</em></strong></span> <span class='ocrx_word' id='word_1_243' title='bbox 1407 3052 1448 3125; x_wconf 69' lang='grc' dir='ltr'>ἂν</span> <span class='ocrx_word' id='word_1_244' title='bbox 1465 3054 1558 3141; x_wconf 84' lang='grc' dir='ltr'><strong><em>τύχοι</em></strong></span> 
     </span>
     <span class='ocr_line' id='line_1_26' title="bbox 301 3163 471 3250; baseline -0.012 -20"><span class='ocrx_word' id='word_1_245' title='bbox 301 3163 471 3250; x_wconf 80' lang='grc' dir='ltr'><strong><em>τιμωρίας.</em></strong></span> 
     </span>
    </p>

    <p class='ocr_par' dir='ltr' id='par_1_5' title="bbox 302 3288 1560 3582">
     <span class='ocr_line' id='line_1_27' title="bbox 389 3288 1559 3374; baseline 0 -21"><span class='ocrx_word' id='word_1_246' title='bbox 389 3288 475 3370; x_wconf 86' lang='lat' dir='ltr'>Quid</span> <span class='ocrx_word' id='word_1_247' title='bbox 495 3290 581 3353; x_wconf 84' lang='lat' dir='ltr'>hisce</span> <span class='ocrx_word' id='word_1_248' title='bbox 603 3291 746 3372; x_wconf 88' lang='lat' dir='ltr'>postulat</span> <span class='ocrx_word' id='word_1_249' title='bbox 768 3300 859 3354; x_wconf 89' lang='lat' dir='ltr'>actor</span> <span class='ocrx_word' id='word_1_250' title='bbox 880 3293 937 3354; x_wconf 91' lang='lat' dir='ltr'>nisi</span> <span class='ocrx_word' id='word_1_251' title='bbox 960 3301 1131 3355; x_wconf 88' lang='lat' dir='ltr'>mortem</span> <span class='ocrx_word' id='word_1_252' title='bbox 1154 3312 1311 3354; x_wconf 89' lang='lat' dir='ltr'>novercae</span> <span class='ocrx_word' id='word_1_253' title='bbox 1332 3312 1472 3374; x_wconf 90' lang='lat' dir='ltr'>poenam</span> <span class='ocrx_word' id='word_1_254' title='bbox 1487 3311 1559 3354; x_wconf 89' lang='lat' dir='ltr'>esse</span> 
     </span>
     <span class='ocr_line' id='line_1_28' title="bbox 302 3395 1560 3478; baseline 0.001 -21"><span class='ocrx_word' id='word_1_255' title='bbox 302 3395 527 3459; x_wconf 89' lang='lat' dir='ltr'>statuendam?</span> <span class='ocrx_word' id='word_1_256' title='bbox 555 3396 662 3460; x_wconf 89' lang='lat' dir='ltr'>Poena</span> <span class='ocrx_word' id='word_1_257' title='bbox 689 3397 800 3478; x_wconf 88' lang='lat' dir='ltr'>capitis</span> <span class='ocrx_word' id='word_1_258' title='bbox 831 3405 938 3459; x_wconf 89' lang='lat' dir='ltr'>autem</span> <span class='ocrx_word' id='word_1_259' title='bbox 968 3396 1145 3478; x_wconf 86' lang='lat' dir='ltr'>Areopago</span> <span class='ocrx_word' id='word_1_260' title='bbox 1174 3397 1323 3459; x_wconf 90' lang='lat' dir='ltr'>convenit</span> <span class='ocrx_word' id='word_1_261' title='bbox 1345 3417 1409 3459; x_wconf 90' lang='lat' dir='ltr'>non</span> <span class='ocrx_word' id='word_1_262' title='bbox 1431 3397 1560 3478; x_wconf 91' lang='lat' dir='ltr'>reliquis</span> 
     </span>
     <span class='ocr_line' id='line_1_29' title="bbox 304 3500 1560 3582; baseline 0.002 -21"><span class='ocrx_word' id='word_1_263' title='bbox 304 3500 435 3563; x_wconf 91' lang='lat' dir='ltr'>minoris</span> <span class='ocrx_word' id='word_1_264' title='bbox 472 3502 591 3564; x_wconf 91' lang='lat' dir='ltr'>ordinis</span> <span class='ocrx_word' id='word_1_265' title='bbox 626 3501 763 3578; x_wconf 87' lang='lat' dir='ltr'>iudiciis,</span> <span class='ocrx_word' id='word_1_266' title='bbox 800 3502 942 3564; x_wconf 89' lang='lat' dir='ltr'>Palladio</span> <span class='ocrx_word' id='word_1_267' title='bbox 978 3503 1030 3564; x_wconf 91' lang='lat' dir='ltr'>vel</span> <span class='ocrx_word' id='word_1_268' title='bbox 1067 3501 1256 3582; x_wconf 89' lang='lat' dir='ltr'>Delphinio,</span> <span class='ocrx_word' id='word_1_269' title='bbox 1294 3502 1408 3582; x_wconf 92' lang='lat' dir='ltr'>quibus</span> <span class='ocrx_word' id='word_1_270' title='bbox 1436 3502 1560 3564; x_wconf 75' lang='lat' dir='ltr'>&#39;leviora</span> 
     </span>
    </p>
   </div>
   <div class='ocr_carea' id='block_1_5' title="bbox 302 3737 1561 4430">
    <p class='ocr_par' dir='ltr' id='par_1_6' title="bbox 302 3737 1561 4430">
     <span class='ocr_line' id='line_1_30' title="bbox 389 3737 1559 3810; baseline 0.002 -24"><span class='ocrx_word' id='word_1_271' title='bbox 389 3737 449 3802; x_wconf 88' lang='lat' dir='ltr'>¹)E</span> <span class='ocrx_word' id='word_1_272' title='bbox 476 3740 529 3790; x_wconf 84' lang='lat' dir='ltr'>iure</span> <span class='ocrx_word' id='word_1_273' title='bbox 555 3758 637 3806; x_wconf 89' lang='lat' dir='ltr'>neque</span> <span class='ocrx_word' id='word_1_274' title='bbox 669 3742 777 3791; x_wconf 89' lang='lat' dir='ltr'>accusari</span> <span class='ocrx_word' id='word_1_275' title='bbox 800 3743 890 3806; x_wconf 84' lang='lat' dir='ltr'>paelex</span> <span class='ocrx_word' id='word_1_276' title='bbox 916 3742 998 3807; x_wconf 91' lang='lat' dir='ltr'>potuit</span> <span class='ocrx_word' id='word_1_277' title='bbox 1024 3740 1152 3794; x_wconf 76' lang='grc' dir='ltr'><strong><em>ἑκουσίον</em></strong></span> <span class='ocrx_word' id='word_1_278' title='bbox 1179 3759 1209 3810; x_wconf 68' lang='grc' dir='ltr'>ιχ.</span> <span class='ocrx_word' id='word_1_279' title='bbox 1237 3757 1320 3806; x_wconf 91' lang='lat' dir='ltr'>neque</span> <span class='ocrx_word' id='word_1_280' title='bbox 1343 3757 1460 3789; x_wconf 89' lang='lat' dir='ltr'>summo</span> <span class='ocrx_word' id='word_1_281' title='bbox 1491 3741 1559 3790; x_wconf 79' lang='lat' dir='ltr'>affici</span> 
     </span>
     <span class='ocr_line' id='line_1_31' title="bbox 302 3828 1557 3894; baseline -0.001 -17"><span class='ocrx_word' id='word_1_282' title='bbox 302 3828 443 3893; x_wconf 88' lang='lat' dir='ltr'>supplicio;</span> <span class='ocrx_word' id='word_1_283' title='bbox 473 3830 597 3878; x_wconf 79' lang='lat' dir='ltr'>nefastum</span> <span class='ocrx_word' id='word_1_284' title='bbox 621 3846 745 3880; x_wconf 83' lang='lat' dir='ltr'>novercae</span> <span class='ocrx_word' id='word_1_285' title='bbox 769 3830 901 3879; x_wconf 90' lang='lat' dir='ltr'>consilium</span> <span class='ocrx_word' id='word_1_286' title='bbox 926 3831 1029 3880; x_wconf 88' lang='lat' dir='ltr'>omnino</span> <span class='ocrx_word' id='word_1_287' title='bbox 1053 3846 1106 3879; x_wconf 90' lang='lat' dir='ltr'>non</span> <span class='ocrx_word' id='word_1_288' title='bbox 1131 3838 1302 3894; x_wconf 85' lang='lat' dir='ltr'>perspexerat,</span> <span class='ocrx_word' id='word_1_289' title='bbox 1328 3829 1480 3894; x_wconf 91' lang='lat' dir='ltr'>philtron</span> <span class='ocrx_word' id='word_1_290' title='bbox 1504 3845 1557 3879; x_wconf 88' lang='lat' dir='ltr'>non</span> 
     </span>
     <span class='ocr_line' id='line_1_32' title="bbox 303 3917 1559 3985; baseline -0.002 -19"><span class='ocrx_word' id='word_1_291' title='bbox 303 3932 428 3966; x_wconf 88' lang='lat' dir='ltr'>venenum</span> <span class='ocrx_word' id='word_1_292' title='bbox 458 3918 612 3968; x_wconf 86' lang='lat' dir='ltr'>mortiferum</span> <span class='ocrx_word' id='word_1_293' title='bbox 643 3918 741 3968; x_wconf 92' lang='lat' dir='ltr'>dedisse</span> <span class='ocrx_word' id='word_1_294' title='bbox 766 3935 793 3967; x_wconf 85' lang='lat' dir='ltr'>se</span> <span class='ocrx_word' id='word_1_295' title='bbox 818 3927 880 3969; x_wconf 86' lang='lat' dir='ltr'>rata.</span> <span class='ocrx_word' id='word_1_296' title='bbox 903 3945 937 3954; x_wconf 95' lang='lat'><em>-</em></span> <span class='ocrx_word' id='word_1_297' title='bbox 962 3919 1093 3969; x_wconf 88' lang='lat' dir='ltr'>Mulierem</span> <span class='ocrx_word' id='word_1_298' title='bbox 1111 3934 1177 3985; x_wconf 83' lang='lat' dir='ltr'>quae</span> <span class='ocrx_word' id='word_1_299' title='bbox 1197 3918 1292 3982; x_wconf 88' lang='lat' dir='ltr'>philtro</span> <span class='ocrx_word' id='word_1_300' title='bbox 1310 3917 1370 3966; x_wconf 83' lang='lat' dir='ltr'>dato</span> <span class='ocrx_word' id='word_1_301' title='bbox 1388 3917 1559 3982; x_wconf 86' lang='lat' dir='ltr'>imprudenter</span> 
     </span>
     <span class='ocr_line' id='line_1_33' title="bbox 305 4002 1556 4072; baseline -0.001 -19"><span class='ocrx_word' id='word_1_302' title='bbox 305 4005 421 4054; x_wconf 87' lang='lat' dir='ltr'>maritum</span> <span class='ocrx_word' id='word_1_303' title='bbox 451 4006 606 4055; x_wconf 84' lang='lat' dir='ltr'>interfecerat</span> <span class='ocrx_word' id='word_1_304' title='bbox 640 4006 770 4055; x_wconf 84' lang='lat' dir='ltr'>liberatam</span> <span class='ocrx_word' id='word_1_305' title='bbox 801 4022 855 4055; x_wconf 87' lang='lat' dir='ltr'>esse</span> <span class='ocrx_word' id='word_1_306' title='bbox 884 4007 917 4055; x_wconf 89' lang='lat' dir='ltr'>ab</span> <span class='ocrx_word' id='word_1_307' title='bbox 945 4008 1106 4072; x_wconf 87' lang='lat' dir='ltr'>Areopagitis</span> <span class='ocrx_word' id='word_1_308' title='bbox 1140 4002 1310 4072; x_wconf 85' lang='lat' dir='ltr'>[Aristoteles]</span> <span class='ocrx_word' id='word_1_309' title='bbox 1342 4012 1426 4055; x_wconf 81' lang='lat' dir='ltr'>narrat</span> <span class='ocrx_word' id='word_1_310' title='bbox 1456 4004 1556 4068; x_wconf 81' lang='lat' dir='ltr'>(Magn.</span> 
     </span>
     <span class='ocr_line' id='line_1_34' title="bbox 303 4091 1560 4159; baseline -0.002 -16"><span class='ocrx_word' id='word_1_311' title='bbox 303 4095 369 4143; x_wconf 88' lang='lat' dir='ltr'>Mor.</span> <span class='ocrx_word' id='word_1_312' title='bbox 388 4095 401 4143; x_wconf 96' lang='lat' dir='ltr'>I</span> <span class='ocrx_word' id='word_1_313' title='bbox 422 4091 461 4144; x_wconf 83' lang='lat'>16!</span> <span class='ocrx_word' id='word_1_314' title='bbox 481 4092 514 4158; x_wconf 90' lang='lat'>7).</span> <span class='ocrx_word' id='word_1_315' title='bbox 551 4095 573 4142; x_wconf 91' lang='lat' dir='ltr'>E</span> <span class='ocrx_word' id='word_1_316' title='bbox 592 4094 645 4143; x_wconf 92' lang='lat' dir='ltr'>iure</span> <span class='ocrx_word' id='word_1_317' title='bbox 668 4094 744 4158; x_wconf 88' lang='lat' dir='ltr'>igitur</span> <span class='ocrx_word' id='word_1_318' title='bbox 767 4109 820 4142; x_wconf 91' lang='lat' dir='ltr'>non</span> <span class='ocrx_word' id='word_1_319' title='bbox 845 4095 928 4159; x_wconf 91' lang='lat' dir='ltr'>potuit</span> <span class='ocrx_word' id='word_1_320' title='bbox 950 4095 1037 4144; x_wconf 90' lang='lat' dir='ltr'>mortis</span> <span class='ocrx_word' id='word_1_321' title='bbox 1054 4093 1218 4145; x_wconf 85' lang='lat' dir='ltr'>condemnari</span> <span class='ocrx_word' id='word_1_322' title='bbox 1237 4110 1320 4159; x_wconf 89' lang='lat' dir='ltr'>neque</span> <span class='ocrx_word' id='word_1_323' title='bbox 1337 4094 1505 4143; x_wconf 85' lang='lat' dir='ltr'>condemnata</span> <span class='ocrx_word' id='word_1_324' title='bbox 1523 4101 1560 4142; x_wconf 87' lang='lat' dir='ltr'>est</span> 
     </span>
     <span class='ocr_line' id='line_1_35' title="bbox 305 4182 1557 4248; baseline 0 -18"><span class='ocrx_word' id='word_1_325' title='bbox 305 4182 399 4248; x_wconf 83' lang='lat' dir='ltr'>mortis,</span> <span class='ocrx_word' id='word_1_326' title='bbox 423 4199 454 4231; x_wconf 91' lang='lat' dir='ltr'>ne</span> <span class='ocrx_word' id='word_1_327' title='bbox 478 4183 503 4230; x_wconf 93' lang='lat' dir='ltr'>in</span> <span class='ocrx_word' id='word_1_328' title='bbox 528 4183 566 4231; x_wconf 92' lang='lat' dir='ltr'>ius</span> <span class='ocrx_word' id='word_1_329' title='bbox 584 4182 685 4248; x_wconf 90' lang='lat' dir='ltr'>quidem</span> <span class='ocrx_word' id='word_1_330' title='bbox 704 4182 808 4230; x_wconf 89' lang='lat' dir='ltr'>omnino</span> <span class='ocrx_word' id='word_1_331' title='bbox 826 4192 925 4233; x_wconf 86' lang='lat' dir='ltr'>vocata.</span> <span class='ocrx_word' id='word_1_332' title='bbox 961 4183 1050 4232; x_wconf 88' lang='lat' dir='ltr'>Statim</span> <span class='ocrx_word' id='word_1_333' title='bbox 1068 4199 1099 4232; x_wconf 88' lang='lat' dir='ltr'>ex</span> <span class='ocrx_word' id='word_1_334' title='bbox 1116 4184 1171 4247; x_wconf 89' lang='lat' dir='ltr'>ipso</span> <span class='ocrx_word' id='word_1_335' title='bbox 1190 4183 1256 4232; x_wconf 84' lang='lat' dir='ltr'>lacto</span> <span class='ocrx_word' id='word_1_336' title='bbox 1274 4182 1384 4232; x_wconf 80' lang='lat' dir='ltr'>carnifici</span> <span class='ocrx_word' id='word_1_337' title='bbox 1402 4183 1494 4231; x_wconf 80' lang='lat' dir='ltr'>tradita</span> <span class='ocrx_word' id='word_1_338' title='bbox 1511 4190 1557 4240; x_wconf 78' lang='lat' dir='ltr'>est,</span> 
     </span>
     <span class='ocr_line' id='line_1_36' title="bbox 304 4269 1561 4336; baseline -0.001 -18"><span class='ocrx_word' id='word_1_339' title='bbox 304 4270 399 4335; x_wconf 92' lang='lat' dir='ltr'>quippe</span> <span class='ocrx_word' id='word_1_340' title='bbox 418 4287 482 4336; x_wconf 89' lang='lat' dir='ltr'>quae</span> <span class='ocrx_word' id='word_1_341' title='bbox 500 4270 560 4320; x_wconf 87' lang='lat' dir='ltr'>civis</span> <span class='ocrx_word' id='word_1_342' title='bbox 578 4286 630 4319; x_wconf 89' lang='lat' dir='ltr'>non</span> <span class='ocrx_word' id='word_1_343' title='bbox 649 4277 714 4320; x_wconf 88' lang='lat' dir='ltr'>esset</span> <span class='ocrx_word' id='word_1_344' title='bbox 730 4269 889 4320; x_wconf 83' lang='lat' dir='ltr'>Atheniensis</span> <span class='ocrx_word' id='word_1_345' title='bbox 906 4271 950 4320; x_wconf 89' lang='lat' dir='ltr'>sed</span> <span class='ocrx_word' id='word_1_346' title='bbox 968 4286 1040 4320; x_wconf 89' lang='lat' dir='ltr'>serva</span> <span class='ocrx_word' id='word_1_347' title='bbox 1059 4270 1142 4333; x_wconf 86' lang='lat' dir='ltr'>(aliter</span> <span class='ocrx_word' id='word_1_348' title='bbox 1157 4271 1224 4322; x_wconf 84' lang='lat' dir='ltr'>enim</span> <span class='ocrx_word' id='word_1_349' title='bbox 1239 4271 1374 4320; x_wconf 89' lang='lat' dir='ltr'>Philoneus</span> <span class='ocrx_word' id='word_1_350' title='bbox 1391 4287 1443 4321; x_wconf 90' lang='lat' dir='ltr'>non</span> <span class='ocrx_word' id='word_1_351' title='bbox 1461 4278 1561 4336; x_wconf 88' lang='lat' dir='ltr'>poterat</span> 
     </span>
     <span class='ocr_line' id='line_1_37' title="bbox 304 4355 818 4430; baseline 0.006 -24"><span class='ocrx_word' id='word_1_352' title='bbox 304 4373 360 4406; x_wconf 84' lang='lat' dir='ltr'>eam</span> <span class='ocrx_word' id='word_1_353' title='bbox 389 4357 438 4410; x_wconf 75' lang='lat' dir='ltr'>tut</span> <span class='ocrx_word' id='word_1_354' title='bbox 466 4362 598 4430; x_wconf 84' lang='grc' dir='ltr'><strong><em>πορνεῖον</em></strong></span> <span class='ocrx_word' id='word_1_355' title='bbox 628 4355 818 4424; x_wconf 64' lang='lat' dir='ltr'>saccariam).</span> 
     </span>
    </p>
   </div>
   <div class='ocr_carea' id='block_1_6' title="bbox 0 0 1686 5284">
    <p class='ocr_par' dir='ltr' id='par_1_7' title="bbox 0 0 1686 5284">
     <span class='ocr_line' id='line_1_38' title="bbox 0 0 1686 5284; baseline 0 0"><span class='ocrx_word' id='word_1_356' title='bbox 0 0 1686 5284; x_wconf 95' lang='lat' dir='ltr'> </span> 
     </span>
    </p>
   </div>
  </div>
 </body>
</html>
