3350 5284
674 445 861 508 ,7-

130 616 234 660 nemo
255 607 397 672 vocatur,
419 617 522 677 neque
545 600 707 678 quaeritur
728 599 869 660 omnino,
908 595 1002 677 Quid,
1028 597 1115 677 quod
1131 595 1295 658 dubitatur
1318 618 1393 659 num

132 703 229 783 ipse
263 701 399 765 fortasse
421 723 493 765 reus
514 722 672 765 venenum
695 702 859 785 dederit§
890 719 943 782 17:
973 698 1143 767 αἰτιῶνται
1168 700 1204 766 δὲ
1225 684 1314 766 οὗτοι
1334 699 1394 782 μὲν

132 798 182 883 ὡς
212 790 306 884 οὗτος
315 807 338 887 ¹)
369 801 530 872 κελεύσειε
552 810 644 871 πιεῖν
662 801 717 873 τὸν
739 809 849 873 παῖδα
870 803 908 873 τὸ
931 805 1105 892 φάρμακον
1127 798 1148 894 ἢ
1169 797 1349 892 ἠνάγκασεν
1371 797 1392 893 ἢ

131 906 273 978 ἔδωκενλ
313 911 378 994 Qui
400 913 503 993 igitur,
535 915 561 975 si
583 914 748 993 vulgatam
778 906 979 996 βουλεύσεως
1008 912 1225 975 definitionem
1256 921 1391 987 tuemur,

132 1018 191 1099 qui
216 1019 322 1098 potuit
350 1016 432 1093 fieri,
469 1027 504 1080 ut
530 1006 719 1080 incitationis
749 1020 790 1080 ad
819 1019 954 1091 caedem
984 1027 1073 1080 actor
1104 1016 1327 1080 accusaretur?
1352 1054 1394 1062 -

131 1122 252 1203 Neque
281 1123 313 1184 in
335 1123 481 1203 Lysiacis
511 1122 707 1185 orationibus
729 1123 854 1186 duabus
876 1124 917 1186 de
939 1122 1120 1185 incitatione
1143 1123 1263 1204 agitur;
1285 1142 1393 1202 quem-

131 1247 212 1290 nam
242 1246 364 1308 quaeso
393 1229 435 1290 ad
464 1229 597 1291 caedem
629 1229 790 1309 instigavit
811 1228 1053 1302 Eratosthenes,
1081 1248 1178 1308 quern
1209 1226 1392 1308 Aguratusl

134 1332 290 1412 equidem
311 1332 434 1395 nullum
456 1353 590 1414 possum
613 1335 761 1399 invenire.

223 1436 287 1500 Sed
318 1439 398 1500 haec
425 1439 589 1502 hactenus
642 1438 752 1501 Habes
780 1440 962 1519 expositam
986 1438 1170 1519 opinionem
1193 1459 1276 1519 quae
1297 1437 1393 1500 hodie

130 1552 251 1624 regnat
279 1543 311 1606 in
343 1543 583 1624 quaestionibus
612 1545 653 1606 de
683 1545 827 1606 caedium
851 1543 979 1618 iudiciis,
1009 1545 1040 1605 in
1062 1543 1205 1606 tractatis
1225 1541 1392 1616 historicis,

133 1650 170 1710 in
194 1658 359 1711 oratorum
382 1649 572 1712 editionibus
593 1650 765 1731 plerisque.

222 1754 297 1817 Non
327 1775 391 1816 una
417 1764 542 1817 tantum
572 1775 590 1817 e
617 1765 709 1836 parte
739 1754 886 1817 laborare
915 1773 987 1815 eam
1018 1753 1154 1816 fortasse
1182 1754 1246 1815 iam
1274 1773 1318 1814 ex
1345 1753 1393 1814 eis

129 1860 284 1940 apparuit
306 1879 389 1940 quae
412 1861 532 1942 passim
554 1860 605 1922 hic
627 1860 678 1922 vel
700 1860 764 1925 illic
786 1859 910 1936 monui;
934 1879 1018 1922 nunc
1031 1860 1083 1920 via
1097 1868 1130 1921 et
1144 1859 1266 1921 ratione
1282 1867 1394 1920 contra

130 1984 209 2026 eam
231 1966 438 2046 progrediar·

664 2104 872 2113 ....--—————

222 2246 303 2328 Quis
332 2247 463 2310 tandem
486 2249 611 2312 -hoc
645 2249 783 2330 primum
813 2268 933 2329 quaero
956 2247 1090 2327 -quis
1117 2238 1317 2326 βουλεύσεως
1345 2264 1394 2305 ac·

131 2353 254 2416 tionem
277 2354 455 2416 institutam
479 2375 549 2417 esse
571 2364 706 2416 testatur
728 2357 758 2415 in
782 2374 865 2427 eum,
888 2353 942 2432 qui
965 2352 1099 2413 alterum
1122 2349 1318 2413 incitaverit?

221 2457 346 2521 Audias
372 2439 671 2540 Harpocrationem,
702 2461 755 2538 qui
778 2460 899 2540 primus
921 2457 1096 2519 audiendus
1116 2465 1175 2530 est,
1198 2456 1318 2537 quippe
1339 2455 1393 2534 qui

131 2562 223 2626 solus
252 2563 390 2625 criminis
419 2564 501 2626 illius
533 2575 566 2628 et
594 2585 712 2626 nomen
739 2562 882 2645 proferat
911 2572 943 2625 et
972 2561 1205 2637 definitionem;
1236 2561 1312 2623 dicit
1340 2559 1394 2622 ille

133 2669 265 2749 quidem
296 2669 376 2732 haec
406 2689 431 2732 s.
463 2691 492 2737 v.
522 2664 736 2752 βουλεύσεως;
777 2662 996 2755 »ἐγκλήματος
1025 2657 1127 2747 ὄνομα
1153 2716 1158 2728 .
1184 2715 1218 2728 ..
1251 2660 1328 2732 ὅταν
1357 2662 1395 2744 ἐξ

133 2771 317 2862 ἐπιβουλῆς
338 2772 387 2852 εἰς
408 2798 472 2840 ιιυι
495 2769 721 2861 κατασκευάσῃ
744 2768 907 2839 advoco«
933 2773 1093 2835 luculenta
1115 2781 1188 2835 sunt
1209 2773 1277 2834 eius
1295 2772 1392 2834 verba

137 2881 182 2942 »si
211 2881 282 2962 quis
311 2880 460 2942 insidiose
491 2881 691 2944 machinatur
720 2879 810 2942 alteri
843 2889 1012 2942 mortem«.
1058 2875 1139 2958 Quis
1167 2896 1244 2939 vero
1274 2876 1394 2939 audivit

133 3003 279 3064 unquam
301 2995 357 3047 aut
379 2983 458 3066 legit
479 2981 740 3071 παρασκευάζειν
762 2979 909 3051 θάνατον
930 2987 1015 3047 idem
1037 3003 1108 3046 esse
1129 2992 1228 3062 atque
1246 2982 1393 3045 »incitare

132 3089 275 3172 aliquem
298 3088 340 3150 ad
361 3091 531 3154 caedemrl
564 3091 725 3155 Mirandas
748 3101 833 3153 certe
857 3091 1134 3171 interpretationes
1155 3087 1392 3170 Harpocration

133 3198 198 3258 iam
230 3204 384 3276 expertus
414 3205 479 3272 est;
508 3196 596 3261 velut
614 3195 779 3261 'docemur
812 3193 868 3276 »ἐξ
895 3193 1092 3276 ἐπιβουλῇ-ςι
1129 3192 1307 3276 significare
1343 3191 1393 3253 ›in

134 3300 297 3364 absentia«
310 3301 346 3380 ²).
400 3297 594 3381 Quanquam
630 3300 775 3383 plerique
808 3303 838 3363 in
868 3302 1124 3384 Harpocratione
1153 3299 1392 3380 interpretando

133 3407 267 3469 omnino
291 3425 356 3466 non
377 3425 511 3486 operam
533 3416 725 3488 posuerunt,
747 3443 791 3454 -
813 3428 917 3488 neque
947 3415 1057 3489 potest
1078 3406 1130 3468 ille
1152 3403 1311 3468 mehercle
1334 3403 1393 3465 nisi

133 3510 304 3574 manifesta
334 3511 365 3572 vi
395 3512 437 3572 ad
466 3510 631 3591 vulgatam
661 3513 851 3575 sententiam
886 3513 1077 3592 detorqueri,
1107 3545 1149 3558 -
1179 3511 1236 3572 sed
1263 3509 1392 3572 nomine

134 3618 265 3698 quidem
288 3615 422 3678 actionis
439 3613 575 3697 accepto
598 3617 815 3679 definitionem
837 3619 904 3680 eius
924 3619 1014 3680 unice
1029 3637 1139 3680 veram
1154 3637 1197 3678 ex
1212 3613 1393 3677 oratoribus

133 3724 211 3806 ipsis
233 3741 345 3786 eruere
367 3721 555 3784 maluerunt.
606 3723 720 3803 Neque
743 3722 820 3785 illud
843 3723 971 3803 quidem
994 3723 1249 3805 vituperandum,
1272 3723 1297 3782 si
1320 3719 1392 3801 quis

134 3838 320 3910 suspectum
358 3829 409 3890 vel
445 3829 617 3892 obscurum
652 3829 873 3910 lexicographi
912 3829 1020 3890 locum
1056 3829 1215 3908 corrigere
1247 3834 1390 3898 conatus,

134 3934 268 3997 meliora
290 3953 333 3996 ex
355 3933 431 4015 ipsis
454 3935 634 3998 oratoribus
656 3943 916 4015 recuperaturum
937 3954 1007 3997 esse
1022 3955 1057 3997 se
1074 3944 1197 4016 sperat;
1223 3922 1291 3994 fieri
1306 3931 1392 3992 enim

134 4046 252 4118 potest,
280 4047 315 4100 ut
342 4039 473 4102 meliora
503 4059 600 4119 quam
631 4040 734 4102 lexica
764 4032 920 4120 praebent
946 4059 988 4100 ex
1018 4041 1094 4121 ipsis
1115 4059 1228 4102 eorum
1251 4035 1392 4100 lontibus

222 4251 242 4316 ¹)
261 4250 395 4316 Sauppius,
415 4251 467 4302 ind.
485 4252 543 4302 lect.
562 4252 633 4302 Gott.
657 4250 764 4315 1873l74
782 4269 806 4316 p.
826 4263 840 4316 5
859 4279 893 4288 -
911 4246 947 4310 ὡς
965 4255 1061 4315 αἴτιος,
1080 4248 1117 4309 ὅς.

220 4338 242 4404 ²)
261 4339 375 4390 Carolius
398 4339 511 4401 Zinkius,
537 4341 753 4391 Ufsenhemiensis
797 4341 854 4389 Act.
879 4341 973 4389 Semin.
998 4341 1049 4391 Erl,
1072 4340 1144 4400 1884,
1165 4352 1179 4402 3
1199 4356 1225 4403 p.
1248 4350 1294 4400 77:
1322 4353 1390 4386 »non

134 4426 162 4487 ἐξ
179 4425 329 4494 ἐπιβουλῆς
346 4428 390 4476 sed
409 4455 441 4464 -
459 4443 601 4494 praesens«.
