3350 5284
652 487 843 550 ‚3-

110 649 152 702 et
177 633 278 728 φόνος
299 631 475 722 ἀκούσιος),
506 641 547 702 ad
570 641 653 702 hanc
672 640 860 722 'analogiam
881 642 1072 704 servandam
1092 641 1157 703 duo
1179 635 1379 723 βουλεύσεως

111 765 250 826 quoque
273 766 391 826 genera
413 753 599 826 ponuntur:
617 744 752 808 alterum
768 745 910 808 incitatio
925 741 962 810 ἐκ
976 743 1144 829 προνοίας,
1167 746 1312 826 alterum,
1335 785 1378 794 —

113 851 263 913 calamus
302 860 335 914 et
368 850 479 913 charta
509 860 689 932 repugnant
718 850 794 913 mihi
823 850 875 913 vel
903 871 1021 913 nomen
1050 851 1197 914 scribenti
1214 853 1377 916 :incitatio

112 945 195 1019 ἄνευ
207 952 368 1038 προνοίας
376 955 408 1037 ¹).
432 955 516 1018 Huic
529 955 668 1018 tabellae
684 955 906 1019 concinnitatis
920 955 1048 1018 laudem
1066 956 1232 1019 tribuimus
1246 957 1377 1040 plenam

117 1061 260 1141 quidem,
284 1071 317 1123 at
340 1061 443 1123 solam
466 1080 555 1137 eam;
580 1071 715 1123 conatus
737 1061 821 1122 enim
845 1060 1019 1141 intelligere
1042 1062 1117 1141 quid
1139 1063 1270 1125 tandem
1285 1064 1377 1144 signi·

116 1165 196 1229 ficet
228 1166 388 1229 »incitatio
414 1166 652 1228 involuntaria«
684 1184 847 1246 nunquam
876 1167 917 1228 ad
946 1165 1043 1229 finem
1071 1167 1237 1248 pervenire
1259 1168 1377 1231 iustum

116 1273 218 1353 potui.
262 1272 375 1352 Atque
397 1290 517 1352 quaero
540 1272 678 1351 primum
701 1271 841 1351 quidem,
865 1291 941 1333 num
964 1273 1034 1352 quis
1055 1273 1159 1354 possit
1180 1273 1221 1334 ad
1243 1274 1377 1336 caedem

114 1377 256 1439 alterum
285 1376 425 1451 incitare,
454 1396 528 1438 cum
558 1377 626 1458 ipse
649 1376 680 1438 id
704 1396 807 1457 neque
829 1375 907 1439 velit
928 1395 1032 1457 neque
1055 1377 1087 1438 in
1108 1378 1216 1440 animo
1238 1377 1377 1441 habeat?

117 1481 251 1543 Minime
270 1482 334 1543 hoc
356 1481 423 1543 fieri
445 1491 555 1563 potest
577 1490 633 1544 aut
655 1481 786 1544 omnino
808 1482 952 1562 cogitari.
989 1480 1123 1544 Incitare
1146 1491 1254 1563 potest
1269 1504 1375 1558 nemo,

116 1587 176 1648 nisi
207 1587 273 1668 qui·
293 1585 426 1666 plenum
455 1588 524 1669 lpse
555 1585 702 1650 facinoris
734 1586 900 1649 consilium
930 1585 1092 1667 habeat2).
1150 1587 1205 1649 An
1241 1587 1376 1652 fortasse

110 1685 291 1776 βούλεοσις
320 1681 394 1755 ἄνευ
422 1689 581 1775 προνοίας
609 1690 823 1772 intellegenda
853 1699 903 1753 est
931 1691 1068 1754 incitatio
1095 1693 1144 1754 ad
1170 1694 1299 1757 caedem
1331 1695 1376 1756 in·

115 1793 366 1860 voluntariam?
372 1794 386 1858 l
428 1796 523 1859 Hanc
551 1797 740 1859 sententiam
772 1798 815 1860 ita
844 1798 975 1859 demum
1004 1795 1162 1878 probabo,
1191 1799 1217 1860 si
1246 1799 1376 1861 demon·

114 1910 254 1965 stratum
277 1903 345 1975 erit,
370 1902 490 1964 incitari
505 1903 645 1982 aliquem
661 1923 759 1984 posse
776 1912 810 1963 ut
833 1922 891 1982 per
912 1922 1022 1965 casum
1037 1903 1065 1964 ei
1085 1901 1203 1983 aliquid
1219 1913 1373 1978 occurrat,

115 2026 258 2087 namque
296 2008 385 2087 quod
424 2000 587 2085 ἇκοοσίως
625 2007 758 2070 facimus
786 2017 914 2089 praeter
941 2006 1141 2069 voluntatem
1171 2027 1246 2070 casu
1283 2009 1375 2071 nobis

111 2113 241 2174 accidit.
286 2110 422 2192 Antiph.
447 2111 479 2174 V
501 2129 559 2192 92:
589 2107 627 2177 τὸ
646 2110 717 2192 ’μὲν
739 2100 799 2196 yoip
823 2105 979 2176 ἀκούσιον
1008 2103 1183 2198 ἁμάρτημα
1204 2113 1261 2198 τῆς
1280 2106 1376 2200 τύχης

111 2215 199 2297 ἐστι’,
222 2211 259 2282 τὸ
281 2217 318 2281 δὲ
342 2211 491 2282 ἑκούσιον
511 2219 568 2304 τῆς
589 2211 723 2304 γνώμης.

202 2321 402 2404 Exemplum
434 2342 499 2404 quo
526 2322 662 2405 Philippi
672 2326 691 2405 ³)
716 2324 932 2387 incitationem
955 2321 1196 2384 involuntariam
1219 2323 1376 2388 illustrare

112 2427 225 2490 studet
253 2448 318 2491 non
346 2428 387 2488 ad
415 2448 482 2489 rem
510 2428 599 2491 facit:
639 2427 673 2491 Si
700 2429 771 2509 quis
807 2438 843 2490 ut
876 2425 1024 2489 verberet
1054 2426 1200 2502 tertium,
1235 2429 1374 2510 aliquem

110 2532 235 2608 incitat,
259 2534 285 2596 is
308 2543 416 2595 autem
439 2533 568 2596 ulterius
591 2553 690 2614 quam
713 2533 823 2596 debuit
845 2542 943 2614 atque
958 2531 1061 2594 iussus
1083 2542 1160 2606 erat,
1183 2553 1374 2615 progressus

111 2640 212 2701 morti
235 2638 323 2701 illum
346 2639 479 2715 dederit,
503 2640 620 2702 tumis
643 2641 696 2720 qui
719 2641 907 2702 mandatum
929 2638 1018 2700 dedit
1039 2637 1236 2712 verberandi,
1267 2641 1374 2703 caedis

110 2765 181 2806 non
214 2744 380 2807 habendus
418 2754 467 2806 est
503 2754 630 2806 auctor:
673 2765 777 2826 neque
812 2745 897 2807 enim
933 2742 1023 2806 caedi
1060 2743 1202 2805 iusserat.
1256 2742 1372 2808 Caedis

108 2851 309 2912 commissae
339 2850 494 2912 rationem
528 2851 555 2912 is
584 2850 638 2931 qui
674 2870 747 2913 eam
782 2848 917 2931 perfecit
952 2846 1040 2910 solus
1069 2847 1201 2911 reddere
1232 2849 1371 2931 debet4).

112 2954 262 3018 Incitatio
285 2957 352 3018 sine
372 2955 538 3018 voluntate
561 2954 646 3016 nulla
669 2975 740 3017 esse
759 2964 878 3036 potest,
901 2974 1030 3035 semper
1052 2964 1101 3017 est
1122 2953 1245 3020 dolosa.
1281 2955 1372 3037 Ergo

108 3081 132 3120 a
156 3059 263 3123 limine
283 3080 355 3122 eam
378 3061 565 3141 reicimus⁵).

201 3229 222 3294 ¹)
241 3231 360 3297 Philippi,
381 3234 502 3296 Areopag
517 3249 542 3280 u.
563 3232 679 3296 Epheten
697 3232 739 3294 36.
779 3231 949 3291 Schoemann,
969 3232 1093 3281 Fleckeis.
1111 3231 1198 3295 Jahrb.
1219 3243 1263 3279 111
1280 3249 1306 3296 p.
1325 3231 1371 3280 162

109 3319 193 3367 Anm.
221 3319 322 3384 Lipsius
343 3318 582 3384 (Melet-Schoem.),
610 3324 664 3369 Att.
686 3321 789 3369 Process
807 3337 833 3384 p.
853 3319 912 3383 384.
957 3321 1083 3378 Herrlich,
1108 3320 1268 3368 Verbrechen
1287 3337 1371 3385 gegen

107 3407 160 3455 das
180 3409 268 3456 Leben
286 3409 352 3457 nach
371 3416 414 3458 att.
432 3408 523 3458 Recht.
557 3407 641 3456 Berlin
662 3408 736 3472 1885.
763 3411 851 3473 Progr.
868 3426 893 3473 p.
908 3422 949 3458 22.
986 3408 1121 3457 Thalheim
1139 3409 1165 3456 in
1182 3409 1215 3457 K.
1234 3410 1276 3458 Fr.
1294 3409 1371 3457 Herr-

109 3511 204 3544 manns
222 3495 323 3546 Griech.
341 3497 429 3560 Antiq.
448 3507 490 3560 45,
528 3497 628 3561 Peperit
653 3498 720 3546 hunc
744 3513 853 3545 errorem
877 3496 982 3561 Antiph.
1000 3514 1037 3546 or.
1056 3497 1093 3544 Vl
1114 3498 1152 3546 16.
1182 3498 1225 3546 cfr.
1243 3513 1268 3561 p.
1287 3511 1328 3560 34.

199 3582 221 3649 ²)
239 3584 313 3644 Geib,
341 3585 477 3634 Strafrecht
496 3602 522 3650 p.
542 3599 603 3648 342:
633 3585 682 3634 Die
707 3586 856 3650 Thiitigkeit
879 3586 924 3634 des
947 3585 1143 3634 intellectuellen
1161 3585 1285 3634 Urhebers
1303 3602 1371 3634 muss

106 3674 167 3722 eine
187 3673 276 3722 dolose
294 3673 356 3723 sein.
377 3701 411 3709 —
431 3673 542 3738 Culpose
559 3672 737 3724 intellectuelle
754 3673 949 3724 Urheberschat't
966 3674 997 3723 ist
1014 3672 1125 3738 (sowohl
1142 3673 1182 3722 bei
1200 3673 1307 3722 dolosen
1325 3675 1372 3722 wie

110 3761 152 3809 bei
171 3760 293 3826 culposen
312 3760 484 3826 Verbrechen)
503 3762 665 3828 unmdglich.
681 3764 783 3822 ¹Bauer,
803 3763 986 3826 Abh.14312
1014 3763 1077 3811 Eine
1102 3761 1205 3826 culpose
1223 3763 1372 3826 Anstiltung

107 3850 143 3897 ist
174 3849 233 3898 dem
265 3850 362 3914 Begriff
390 3850 492 3914 zulolge
518 3850 559 3899 ein
587 3850 775 3916 Widerspruch.
819 3851 863 3900 cfr.
891 3851 976 3912 cnse,
1005 3851 1030 3899 d.
1054 3849 1198 3898 auctoribus
1224 3850 1371 3899 delictorum

107 3937 299 4002 psychologicis
317 3955 342 4002 p.
364 3949 469 3999 19-22.

198 4029 220 4090 3)
239 4027 360 4091 Areopag
377 4043 401 4075 u.
420 4027 537 4091 Epheten
556 4024 573 4092 ξ
594 4039 635 4090 37.

198 4114 221 4180 ⁴)
240 4115 306 4164 Geib
330 4132 355 4179 p.
376 4127 437 4180 354:
467 4117 518 4164 Fur
544 4116 590 4164 das
613 4117 716 4164 vertibte
739 4116 877 4165 schwerere
897 4115 1057 4164 Verbrechen
1075 4116 1107 4164 ist
1124 4115 1244 4163 zuntlchst
1262 4130 1309 4162 nur
1326 4114 1372 4162 der

108 4203 183 4268 phys.
203 4204 318 4254 Urheber
335 4203 450 4254 strafbar.
464 4231 495 4240 -
509 4205 553 4253 cfr.
574 4207 718 4263 Puttmann,
741 4204 834 4268 Opusc.
854 4203 899 4252 iur.
918 4203 986 4252 crim.
1004 4205 1018 4254 Ι
1036 4204 1068 4251 de
1087 4218 1188 4252 excessu
1205 4203 1257 4252 eius
1276 4204 1315 4251 cui
1328 4191 1371 4252 aut

109 4292 252 4342 verberatio
277 4291 380 4342 alicuius
405 4301 448 4341 aut
472 4293 612 4342 vulneratio
638 4293 757 4340 mandata
780 4299 825 4349 est,
852 4291 983 4341 mandanti
1000 4291 1069 4340 haud
1090 4292 1248 4356 imputando.
1284 4292 1368 4349 Casse,

105 4379 136 4428 d.
155 4389 222 4429 auct.
241 4380 324 4429 delict.
342 4381 430 4445 psych.
448 4398 473 4446 p.
494 4393 550 4430 110.
659 4417 665 4431 .

198 4467 221 4533 5)
240 4469 311 4517 Vidit
330 4469 378 4517 hoc
396 4470 445 4519 iarn
463 4469 605 4526 Wecklein,
624 4468 751 4532 Philolog.
771 4469 836 4517 Anz.
854 4469 920 4518 VIII
938 4487 963 4534 p.
985 4469 1042 4532 546.

1135 4549 1167 4601 ι·
