3350 5284
804 497 927 564 -‘42
973 526 1012 535 -

277 663 422 737 putaret,
454 655 486 717 id
509 656 597 736 quod
626 664 785 720 nostrates
818 655 961 720 fecerunt
987 677 1117 733 omnes,
1143 650 1344 739 βουλεύσεως
1372 657 1533 721 actionem

278 781 349 823 esse
372 760 567 836 institutam,¹
588 762 614 823 si
643 761 714 840 quis
741 755 921 846 βουλεύσας
942 760 1141 837 interfecerit,
1174 783 1280 825 nonne
1312 763 1356 826 ita
1383 781 1533 847 rescon-

277 870 361 929 fecta
393 865 481 930 erat?
516 865 663 929 Verbum
692 869 821 947 quidem
852 869 1037 950 saepissime
1065 868 1253 932 invenerunt
1278 868 1309 931 in
1337 866 1534 931 orationibus

278 971 477 1053 capitalibus
507 972 623 1053 quibus
652 972 692 1035 de
722 972 820 1035 caede
850 982 1009 1054 ageretur,
1037 972 1173 1037 verbum
1201 974 1232 1035 in
1253 973 1415 1036 cotidiano
1436 973 1534 1035 etiam

277 1096 426 1141 sermone
460 1077 699 1141 usitatissimum
729 1079 845 1141 mansit
877 1079 1032 1159 imprimis
1064 1080 1105 1142 de
1136 1079 1254 1142 insidiis
1285 1079 1370 1142 vitae
1406 1079 1534 1140 structis

278 1203 337 1264 per
358 1191 462 1247 totam
483 1183 708 1264 antiquitatem
730 1203 830 1264 usque
860 1185 902 1246 ad
923 1185 1129 1265 Byzantinos.
1178 1183 1300 1248 Contra
1321 1184 1459 1266 genuina
1481 1181 1535 1244 illa

278 1280 450 1369 βούλευσις
472 1309 554 1370 quae
577 1297 627 1353 est
649 1290 681 1352 in
703 1289 798 1352 rebus
819 1288 1002 1352 foenerariis
1024 1289 1174 1353 convenit
1193 1289 1373 1352 iudiciariae
1388 1287 1532 1364 dictioni;

278 1392 404 1456 delituit
431 1415 504 1457 cum
534 1396 604 1477 ipsa
631 1393 878 1458 Atheniensium
907 1395 1044 1458 civitate.
1087 1394 1204 1457 Nonne
1227 1393 1319 1458 facile
1339 1395 1445 1475 potuit
1466 1391 1535 1455 fieri

279 1507 314 1560 ut
342 1500 570 1579 permiscerent
603 1521 653 1563 res
689 1499 912 1582 lexicographi
948 1520 1022 1562 cum
1055 1501 1215 1562 immerito
1244 1499 1379 1563 verbum
1408 1499 1535 1562 coniun-

279 1612 393 1684 gerent
428 1625 502 1668 cum
531 1606 662 1669 nomine
689 1603 843 1669 actionis?
877 1614 911 1668 et
939 1605 1141 1668 declinabant
1169 1605 1211 1668 ad
1240 1604 1425 1668 facillimum
1451 1603 1536 1667 hunc

279 1729 436 1787 errorem3
473 1730 571 1792 quam
593 1713 686 1794 proni
707 1710 844 1774 adeum
866 1709 981 1773 suerint
1000 1711 1109 1773 videas
1131 1711 1216 1791 ipse:
1239 1709 1356 1773 Pollux
1374 1709 1535 1788 V11143:

280 1813 531 1901 ψευδεγγραφῆς
553 1811 582 1882 δ’
602 1803 640 1903 ἦν
657 1813 732 1901 δίκη
747 1811 831 1881 κατὰ
845 1819 910 1880 τῶν
923 1807 967 1894 ὡς
981 1807 1175 1900 ὀφείλοντάς
1187 1839 1278 1894 τινας
1292 1812 1535 1898 ἐνδειξαμένων,

279 1915 308 1984 εἰ
331 1921 462 2004 ψευδῶς
477 1915 794 2009 σεσυκοφανιηκότες
809 1912 913 2007 ἆλῷεν
923 1969 931 1983 .
942 1911 1026 1985 κατὰ
1042 1917 1079 1985 δὲ
1092 1918 1210 1986 τούτου
1225 1907 1264 2007 ἦν
1277 1918 1336 1985 καί
1357 1917 1536 2003 ἐπιβου-

280 2018 460 2105 λεύσεως
482 2021 599 2113 γραφύ.
635 2025 734 2090 Actio
755 2020 1018 2110 βουλεύσεως
1031 2025 1180 2090 videlicet
1194 2025 1424 2108 intellegenda;
1448 2048 1537 2090 error

280 2131 353 2194 inde
376 2130 478 2196 factus
497 2141 555 2208 est,
577 2133 666 2212 quod
680 2133 835 2214 cogitavit
849 2131 901 2194 ille
916 2132 957 2195 ad
971 2130 1107 2194 verbum
1120 2128 1294 2214 βουλεύειν,
1311 2125 1538 2215 ἐπιβουλεύειν

266 2237 449 2318 ’(ἰιιείδίειὶ).
488 2236 639 2300 Alterum
662 2222 712 2300 est
731 2239 818 2320 apud
843 2236 947 2301 Suid.:
970 2228 1126 2322 ύγεμονία
1142 2234 1362 2323 δικαστηρίων
1379 2238 1425 2314 Π;
1441 2236 1538 2300 refert

279 2341 332 2405 ille
355 2341 471 2406 delicta
493 2363 575 2423 quae
598 2343 789 2407 conveniant
804 2341 1048 2406 Thesmothetis
1061 2352 1159 2424 atque
1182 2343 1322 2413 dicturus
1344 2342 1474 2422 quidem
1496 2342 1537 2404 de

280 2448 419 2529 genuina
445 2448 571 2511 actione
600 2447 801 2530 (foeneraria)
828 2457 938 2512 tamen
964 2447 1161 2510 adverbum
1184 2448 1272 2527 quod
1295 2447 1412 2510 insidiis
1435 2447 1538 2525 magis

281 2563 379 2634 atque
409 2553 561 2617 caedibus
594 2555 742 2618 convenit
764 2553 916 2635 delapsus
946 2574 1018 2617 esse
1043 2553 1258 2616 convincitur:
1292 2542 1377 2635 ωρδς
1404 2550 1442 2616 δὲ
1462 2546 1538 2629 τοὺς

283 2657 496 2739 θεσμοθέτας
518 2653 555 2740 αὶ
577 2659 632 2744 τῆς
654 2657 760 2739 ξενίας
781 2659 946 2741 (actiones)
969 2656 1026 2723 καί
1048 2655 1243 2741 δωροξενίας
1264 2681 1294 2722 κ.
1316 2655 1538 2745 συκοφαντίας

282 2789 311 2827 ν..
355 2765 605 2853 ψευδεγγραφῆς
648 2788 677 2829 κ.
716 2757 839 2849 ύβρεως
873 2789 903 2829 κ.
939 2761 1091 2846 μοιχείας
1124 2786 1153 2826 κ.
1190 2758 1535 2845 ε’πιβουλεύσεωςί

280 2870 330 2932 Ita
351 2870 486 2933 verbum
516 2863 698 2955 βουλεύειν,
729 2870 817 2933 cuius
846 2868 1120 2951 frequentissimus
1145 2878 1195 2931 est
1224 2889 1299 2931 usus
1330 2870 1361 2932 in
1391 2867 1538 2931 orationi·

282 2974 343 3038 bus
365 2975 486 3057 capitis,
510 2976 700 3039 translatum
723 2975 799 3038 mihi
822 2975 950 3038 videtur
964 2994 1034 3038 esse
1049 2995 1108 3056 per
1123 2973 1250 3037 facilem
1264 3011 1307 3020 -
1321 2972 1480 3036 mehercle
1494 3009 1538 3019 -

282 3099 425 3143 errorem
451 3082 493 3144 ad
523 3076 669 3165 ἔγκλημα
698 3073 908 3163 βουλεύσεως,
931 3079 1040 3159 itaque
1061 3080 1193 3142 crimina
1213 3079 1327 3161 capitis
1347 3098 1431 3141 nova
1452 3077 1537 3142 locu·

281 3185 404 3268 pletata
432 3195 506 3248 sunt
534 3187 661 3249 actione
693 3207 776 3268 quae
798 3205 963 3267 nunquam
984 3183 1043 3248 luit
1064 3195 1120 3249 aut
1141 3185 1247 3268 potuit
1269 3203 1347 3248 esse.

315 3310 317 3321 ⁴
367 3289 401 3353 Si
413 3312 506 3355 usum
517 3301 608 3355 tenes
620 3291 807 3366 lexicorum,
823 3311 890 3371 quo
901 3291 1006 3372 ipsam
1022 3289 1158 3354 formam
1174 3292 1255 3352 sicut
1264 3290 1296 3351 in
1305 3290 1478 3353 verborum
1489 3310 1537 3352 or·

282 3397 356 3460 dine
363 3398 470 3480 posita
478 3407 529 3462 est
535 3418 578 3460 ex
585 3397 782 3460 orationibus
793 3397 997 3459 immutatam
1009 3397 1172 3477 recipiunt,
1183 3394 1303 3458 facilior
1313 3395 1410 3457 etiam
1422 3396 1538 3458 erroris

282 3503 334 3565 via
346 3503 505 3566 videbitur
519 3501 576 3566 tibi
592 3503 681 3569 haec.
713 3503 793 3565 Erat
807 3503 839 3564 in
854 3500 960 3565 fronte
974 3503 1111 3584 glossae,
1135 3521 1199 3583 qua
1213 3493 1436 3584 βουλεύειν
1449 3521 1537 3564 ver-

281 3607 332 3670 bu
341 3629 374 3671 m
388 3607 613 3684 illustrabatur,
628 3608 814 3691 praeposita
828 3628 867 3670 ea
883 3627 967 3689 quae
981 3606 1078 3688 longe
1093 3606 1280 3688 saepissime
1294 3605 1326 3667 in
1341 3605 1539 3670 orationibus

284 3713 365 3776 redit
379 3711 482 3777 forma
497 3713 715 3797 participii
736 3705 977 3798 βουλεύσας.
1014 3712 1063 3774 Ita
1077 3713 1109 3775 in
1125 3711 1229 3775 lexico
1245 3732 1288 3774 ex
1304 3710 1538 3776 elementorum

283 3819 393 3882 ordine
430 3820 613 3901 composito
650 3819 758 3881 statim
795 3827 872 3900 post
908 3817 1051 3896 glossam
1088 3810 1267 3901 βουλεύσας
1302 3817 1393 3899 sequi
1428 3817 1540 3881 debuit

282 3924 325 4006 gl.
354 3919 560 4008 βουλεύσεως.
615 3922 723 4004 Quam
753 3923 939 4006 proximam
970 3922 1159 3986 affinitatem
1189 3921 1368 4005 provehere
1397 3942 1539 3985 errorem

282 4031 390 4113 potius
425 4030 544 4094 debere
580 4049 678 4112 quam
713 4030 869 4112 impedire
897 4049 993 4093 nemo
1023 4027 1162 4111 negabit.
1207 4027 1301 4109 Quae
1330 4029 1425 4110 igitur
1455 4047 1539 4091 nunc

283 4136 415 4218 quidem
436 4131 608 4220 βούλευσιν
628 4135 709 4197 tueri
730 4135 878 4197 videntur
892 4134 1080 4217 gravissima
1094 4134 1277 4197 testimonia
1291 4134 1372 4198 Isaei
1386 4134 1539 4197 Dinarchi

283 4242 468 4306 Aristotelis
502 4242 544 4304 ad
579 4233 747 4320 βουλεύειν
783 4240 872 4303 verbi
903 4239 1068 4303 notionem
1097 4239 1323 4321 explicandam
1352 4239 1537 4304 reserantur.

367 4348 570 4412 Postremum
591 4366 652 4428 pro
675 4339 876 4431 βουλεύσεως
897 4345 1026 4408 nomine
1047 4345 1079 4406 in
1093 4344 1251 4427 proelium
1267 4346 1388 4427 poteris
1402 4346 1539 4408 educere

281 4454 452 4517 Libanium
471 4452 644 4528 rhetorem,
667 4454 692 4515 si
716 4452 846 4533 quidem
868 4450 948 4514 fides
969 4450 1118 4514 habenda
1138 4450 1193 4514 tali
1216 4451 1313 4515 socio.
1351 4449 1439 4512 Illius
1454 4451 1538 4512 enim

284 4568 333 4622 est
370 4560 473 4624 oratio
507 4560 557 4622 cui
594 4557 773 4622 inscribitur
809 4559 910 4635 »παῖς
937 4548 1137 4638 βουλεύσεως
1166 4555 1330 4641 γραφδείς
1352 4545 1540 4620 ἀποθανεῖν
