3350 5284
806 460 1019 521 ,16-

283 627 422 706 tremos
450 629 509 696 καὶ
531 630 564 696 οἱ
590 625 697 697 εἴκοσι
719 632 777 696 καὶ
800 624 916 696 ἑκατὸν
937 625 1008 712 μετ’
1035 621 1139 696 αἰτῶν
1164 624 1334 716 [Ἕλληνος]
1360 627 1538 706 νεανίσκοι,

282 733 333 811 οἶς
356 731 493 818 ἐχρῶντο
516 730 551 800 εἴ
568 734 602 800 τί
622 759 688 801 που
709 735 779 802 δέοι
794 738 1080 821 χειρουργοῖν,
1104 731 1289 819 ἐπέστησαν
1307 739 1379 814 τοῖς
1394 726 1464 801 ἀπὸ
1477 736 1538 800 roi

280 836 406 920 κυάμου
420 839 609 924 βουλευταῖς
627 830 718 905 οὖσιν
733 838 766 904 ἐν
779 842 825 927 τῷ
840 839 1089 926 βοολιοτηρίῳι.
1127 840 1254 904 Scilicet
1269 850 1411 903 armatos
1425 861 1536 904 secum

281 946 484 1009 adduxerunt
513 954 549 1008 ut
578 945 746 1009 manifesta
772 948 803 1008 vi
831 967 883 1009 res
912 946 1085 1020 turbarent,
1116 947 1141 1009 si
1171 967 1236 1009 non
1262 967 1280 1008 e
1302 946 1467 1010 voluntate
1489 947 1538 1008 eis

281 1053 439 1114 cederent.
484 1051 584 1132 Apud
613 1072 725 1114 omnes
747 1053 884 1132 denique
906 1051 1010 1114 bonae
1033 1053 1146 1114 aetatis
1167 1053 1340 1133 scriptores
1362 1072 1427 1114 non
1449 1073 1537 1114 usur-

280 1166 376 1239 patur
397 1155 476 1219 illud
495 1155 629 1218 verbum
651 1156 709 1218 nisi
730 1158 770 1220 de
799 1156 977 1220 actionibus
999 1177 1082 1239 quae
1105 1177 1138 1219 re
1164 1176 1242 1220 vera
1263 1176 1359 1219 manu
1382 1155 1471 1219 fiunt.

367 1261 448 1324 Sero
481 1263 612 1324 demum
642 1271 739 1342 atque
771 1263 943 1326 insolenter
976 1261 1057 1325 haec
1088 1263 1177 1324 notio
1206 1260 1324 1324 inflexa
1354 1270 1411 1342 est,
1441 1269 1476 1324 ut
1503 1261 1536 1323 in

282 1369 463 1430 universum
490 1364 683 1446 significaret
699 1388 705 1429 :
719 1366 882 1449 perficere.
926 1371 1060 1435 Notavit
1088 1369 1208 1433 malum
1237 1367 1322 1430 hunc
1351 1386 1444 1429 usum
1473 1365 1536 1428 Lo-

281 1473 422 1547 beckius,
458 1473 505 1534 vir
546 1469 659 1534 Graeci
694 1474 850 1536 sermonis
886 1479 1015 1558 egregie
1052 1477 1179 1559 peritus.
1244 1472 1425 1555 (Phrynich.
1462 1473 1534 1552 120)

285 1576 414 1641 »Simili
445 1578 581 1640 audacz'a
610 1578 710 1639 verba
739 1568 926 1664 αιἰιονργιῖν
954 1591 986 1644 et
1010 1583 1209 1666 χειρονργιῖν
1236 1579 1278 1641 ab
1304 1576 1465 1659 operarias
1490 1577 1544 1638 ad

280 1705 334 1747 eos
362 1683 585 1761 traduxerunt,
609 1683 668 1764 qui
681 1694 746 1764 per
765 1704 800 1746 se
821 1685 951 1768 aliquid
967 1697 1077 1769 agunt,
1101 1708 1162 1749 non
1184 1685 1292 1747 aliena
1315 1694 1371 1765 ope
1392 1692 1531 1745 utentes«

283 1789 360 1868 (scil.
376 1788 440 1849 Dio
455 1786 626 1869 Appianus
641 1785 794 1869 Synesius
816 1789 929 1872 reliqui
950 1791 1043 1854 huius
1065 1796 1191 1873 generis
1213 1787 1405 1871 scriptores).
1440 1785 1537 1849 Certe

281 1895 367 1975 apud
397 1902 541 1956 oratores
567 1895 682 1957 atticos
704 1893 843 1971 genuina
864 1896 951 1958 verbi
973 1897 1021 1959 vis
1043 1899 1185 1961 nondum
1208 1898 1239 1958 in
1262 1895 1441 1959 universam
1463 1911 1539 1955 eam

281 1999 446 2063 notionem
469 1999 596 2061 detorta
622 2008 680 2062 est.
705 2039 743 2046 -

368 2103 461 2185 Quae
490 2113 665 2185 postquam
697 2106 907 2186 exposuimus
940 2107 980 2168 ad
1013 2106 1120 2170 locum
1154 2106 1242 2169 illum
1275 2103 1409 2185 Antiph.
1439 2103 1454 2164 I
1483 2122 1537 2182 ag-

282 2210 481 2292 grediamur;
513 2208 628 2290 legitur
661 2219 769 2273 autem
802 2210 844 2272 ibi
877 2216 1075 2295 χιιροοργεῖν
1105 2216 1205 2293 §202
1244 2204 1344 2275 »ἀνθ’
1368 2191 1413 2273 ὧν
1435 2199 1455 2294 ἡ
1476 2206 1540 2289 μὲν

284 2308 509 2401 διακονήσασα
539 2308 606 2394 ἔχει
639 2309 679 2378 τὰ
709 2311 873 2398 ἐπίχειρα,
903 2299 949 2379 ὧν
970 2308 1049 2396 ἀξία
1072 2304 1119 2404 ἦν,
1142 2312 1237 2383 οὐδὲν
1257 2311 1350 2380 αἰσία
1372 2300 1454 2379 οὖσα
1477 2314 1540 2395 (τῷ

283 2415 343 2504 γὰρ
365 2417 550 2506 δημοκοίνῳ
571 2423 787 2506 τροχιοθεῖσα
809 2415 1009 2506 παρεδόθη),
1033 2414 1053 2509 ἡ
1076 2418 1107 2486 ‹l'
1126 2419 1268 2487 altiore
1287 2412 1349 2507 ἤδη
1364 2417 1423 2483 καὶ
1442 2416 1539 2483 ἐνθο-

282 2528 429 2610 μηθιῖσα
444 2525 502 2591 καὶ
516 2520 773 2612 χειρουργήσασα
790 2523 867 2604 ἕξει,
883 2516 941 2590 erin
954 2519 1047 2608 ὑμεῖς
1061 2550 1096 2592 ιε
1110 2527 1169 2592 καὶ
1184 2522 1215 2592 οἱ
1231 2523 1308 2591 θεοὶ
1324 2522 1479 2588 θέλωσιν.
1492 2559 1542 2569 -

282 2630 333 2692 De
355 2651 492 2693 noverca
513 2635 712 2716 χειρουργιῖν
734 2651 798 2711 quo
821 2631 920 2693 modo
943 2632 1004 2694 dici
1027 2633 1129 2713 possit
1151 2652 1216 2694 non
1237 2631 1349 2707 video;
1373 2649 1414 2692 ne
1435 2627 1540 2691 adluit

284 2736 413 2815 quidem
443 2736 502 2798 illis
526 2740 629 2800 ,sacris
663 2735 794 2798 funestis
824 2755 929 2816 neque
962 2736 1060 2800 ullam
1090 2737 1237 2800 facinoris
1268 2734 1379 2797 habuit
1411 2744 1538 2815 partem

283 2850 410 2923 praeter
439 2842 615 2917 consilium,
645 2842 734 2924 quod
763 2843 970 2923 excogitavit.
1022 2842 1111 2924 Ergo
1140 2863 1183 2904 ex
1210 2842 1284 2904 loco
1312 2859 1379 2920 quo
1403 2839 1542 2901 traditur

284 2947 391 3008 statim
421 2947 598 3009 eiciendum
619 2968 690 3010 esse
712 2945 803 3009 facile
826 2948 1024 3029 perspicitur.
1068 2947 1142 3010 Non
1165 2946 1268 3009 minus
1290 2955 1399 3008 autem
1422 2943 1539 3007 salsum

283 3061 333 3114 est
355 3053 442 3132 quod
468 3051 608 3115 Blassius
631 3054 662 3115 id
684 3055 797 3136 paelici
820 3054 975 3134 tribuit1);
998 3054 1043 3116 ita
1063 3054 1149 3116 enim
1171 3051 1289 3135 paelex
1304 3050 1475 3131 cogitanda
1488 3058 1541 3112 est

283 3157 355 3218 viris
377 3177 450 3219 cum
472 3157 601 3239 poculo,
626 3179 690 3240 quo
712 3180 871 3222 venenum
886 3160 995 3233 inerat,
1019 3168 1113 3239 caput
1128 3157 1301 3238 infregisse.
1326 3194 1365 3203 —
1388 3155 1540 3236 Ineptum

283 3272 332 3324 est
361 3262 524 3343 glossema
552 3275 649 3345 atque
671 3283 781 3326 recens
803 3265 846 3326 ad
866 3263 1090 3343 ὄιακονήσασα
1112 3264 1307 3343 adscriptum
1330 3261 1361 3322 in
1383 3260 1539 3341 margine,

283 3368 367 3430 unde
389 3369 420 3430 in
442 3368 614 3432 verborum
637 3369 781 3432 ordinem
803 3368 884 3433 falso
907 3369 1037 3451 insuper
1059 3369 1131 3430 loco
1154 3369 1306 3430 insertum
1328 3368 1416 3446 θεῖ’).

367 3473 430 3536 Diu
460 3474 577 3536 versati
607 3495 716 3537 sumus
744 3476 774 3536 in
803 3473 890 3560 χειρὶ
920 3475 1056 3537 nominis
1088 3494 1165 3536 vera
1192 3473 1223 3534 vi
1255 3471 1410 3547 eruenda;
1441 3489 1538 3551 quan

284 3599 381 3661 quam
410 3600 474 3642 non
503 3580 608 3662 potuit
634 3581 783 3661 antiquus
806 3601 895 3644 error
923 3590 1020 3662 atque
1049 3579 1255 3661 gravissimus
1277 3577 1339 3638 levi
1366 3575 1496 3638 brachio
1518 3593 1540 3636 e

284 3685 390 3748 medio
423 3684 502 3749 tolli.
556 3684 704 3748 Vidimus
737 3707 805 3762 nos
840 3707 935 3750 manu
966 3694 1131 3748 cruentam
1165 3683 1249 3746 effici
1281 3680 1413 3745 caedem
1440 3698 1539 3742 unam

370 3930 391 3997 ¹)
409 3933 520 3998 Philippi
543 3949 569 3998 p.
595 3945 628 3997 39
652 3943 714 3983 nota
737 3945 769 3998 52
800 3934 898 3983 silentio
922 3933 1039 3999 probavit
1062 3948 1118 3982 eam
1141 3930 1325 3987 coniecturam
1354 3925 1481 3992 Jernstedt
1504 3925 1539 3974 ad

283 4021 390 4088 Antipb.
426 4024 540 4087 Ignatius
560 4023 586 4072 d.
607 4024 749 4073 elocutione
766 4022 875 4086 Antiph.
896 4039 916 4071 s.
939 4039 963 4072 v.
977 4023 1063 4092 χειρὶ.

369 4109 390 4177 ²)
410 4112 442 4161 de
456 4112 672 4169 Wilamowitzius.
688 4126 833 4176 quanquam
845 4113 1022 4181 χειρουργεῖν
1032 4108 1096 4158 nibil
1111 4106 1179 4158 aliud
1188 4121 1241 4155 esse
1251 4104 1366 4155 concedit
1382 4111 1457 4166 atque
1472 4108 1538 4149 »tru-

285 4201 394 4259 cidare«,
423 4210 507 4250 tamen
530 4201 594 4249 nihil
618 4202 708 4249 mutari
730 4200 797 4256 vult;
823 4199 960 4248 insolenter
981 4198 1084 4262 quidem
1101 4197 1196 4245 dictum
1216 4210 1269 4243 esse
1286 4193 1391 4242 verbum
1410 4190 1442 4239 de
1460 4189 1540 4238 caede

284 4305 383 4338 veneno
402 4288 506 4348 elfecta;
533 4289 644 4338 eiusdem
660 4297 744 4338 autem
762 4287 883 4350 libertatis
900 4285 1006 4350 vestigia
1022 4284 1090 4349 apud
1108 4283 1293 4348 Antiphontem
1310 4289 1405 4330 exstare
1423 4281 1436 4327 1
1454 4275 1472 4343 §
1491 4290 1536 4327 20:

284 4375 335 4430 τὸν
345 4376 450 4430 ἑαυτῶν
465 4381 575 4450 φονέα
587 4370 843 4449 μεταχειριζόμενοι
855 4375 887 4423 de
899 4373 993 4439 poculo
1005 4380 1030 4422 et
1041 4369 1059 4437 ξ
1072 4370 1117 4420 26:
1135 4365 1150 4422 ὁ
1162 4366 1192 4422 δ’
1206 4366 1342 4427 ἀκουσίως
1353 4370 1399 4419 καὶ
1411 4369 1540 4433 βιαίως

285 4463 428 4522 ἀπέθανε.
442 4470 473 4519 de
490 4483 553 4517 voce
569 4472 661 4532 βίαιος
677 4465 762 4515 confer
780 4481 805 4529 p.
827 4476 857 4526 19
876 4479 933 4513 cum
951 4469 1022 4510 nota.
