3350 5284
648 479 840 544 ,5-

103 633 264 711 retinent;
297 642 371 697 sunt
399 633 515 696 deinde
544 633 604 709 alii,
636 635 689 714 qui
717 635 901 698 testimonio
930 637 997 698 eius
1026 645 1137 717 spreto
1167 635 1220 698 uni
1243 643 1369 707 tantum

103 739 227 801 iudicio
261 759 334 801 eam
365 739 526 802 actionem
558 738 700 802 tribuunt
711 741 744 821 ¹).
796 739 871 802 Non
903 761 982 804 vero
1010 742 1097 823 quod
1120 740 1374 822 exspectaveris,

105 845 232 906 crimen
257 842 334 907 illud
361 843 438 906 dolo
465 843 551 907 malo
581 852 678 925 atque
706 845 825 908 insidiis
854 846 984 927 plenum
1006 846 1185 929 Areopago
1215 844 1275 908 soli
1295 866 1368 908 con-

104 949 237 1012 venisse
266 958 423 1012 conantur
452 951 682 1025 demonstrare,
713 952 813 1013 immo
843 961 971 1032 praeter
999 971 1092 1033 spem
1118 961 1217 1034 atque
1237 971 1369 1014 omnem

104 1054 300 1136 opinionem
332 1053 477 1118 Palladio
507 1055 539 1117 id
568 1055 726 1130 tribuunt,
756 1057 806 1118 cui
839 1056 1050 1119 involuntaria
1081 1065 1207 1119 tantum
1239 1057 1370 1119 crimina

103 1161 318 1242 competiisse
341 1161 467 1223 scimus.
523 1161 813 1243 Harpocrationem
846 1170 954 1224 autem
987 1183 1047 1244 per
1078 1161 1200 1225 malum
1228 1182 1369 1226 errorem

108 1265 280 1346 Areopagi
310 1267 507 1350 mentionem
537 1267 680 1330 iniecisse
712 1268 919 1329 contendunt.
963 1267 1048 1329 Nam
1078 1269 1166 1349 quod
1194 1268 1392 1348 secundum*

104 1369 378 1452 lexicographum
399 1371 579 1434 Dinarchus
599 1366 633 1435 ἐν
654 1373 700 1457 τῷ
718 1365 802 1436 κατὰ
823 1369 966 1437 Πιστίου
989 1382 1125 1435 testatur
1145 1373 1177 1435 in
1192 1374 1370 1455 Areopago

108 1475 288 1538 iudicatum
311 1496 382 1538 esse
402 1477 443 1538 de
464 1470 667 1560 βουλεύσεως
688 1477 827 1552 crimine,
850 1477 882 1539 in
904 1477 1119 1558 suspicionem
1140 1488 1238 1541 vocat
1252 1477 1371 1540 Forch·

104 1580 296 1644 hammerus
328 1581 360 1662 (l.
391 1581 411 1648 l.
442 1602 474 1663 p.
506 1598 540 1661 31
574 1583 655 1664 not.)
685 1581 788 1645 hisce:
831 1581 977 1645 »Veram
1004 1604 1040 1645 nc
1061 1583 1165 1646 multa
1186 1590 1307 1646 locatus
1329 1583 1374 1646 sit

108 1687 323 1751 >Dinarchus
351 1687 391 1748 de
420 1686 545 1748 Pistiae
574 1687 608 1748 in
629 1708 664 1749 se
692 1688 823 1751 insidiis
852 1698 885 1750 et
903 1684 1080 1771 βουλεύσει,
1110 1698 1206 1770 atque
1227 1710 1266 1751 ne
1279 1691 1373 1770 sorte

112 1794 266 1868 >raineria
296 1793 493 1876 Areopagum
522 1793 645 1870 debere,
676 1793 837 1855 nominem
868 1793 1077 1856 insidiantem
1105 1802 1151 1876 (et
1174 1786 1274 1881 φόνον
1294 1799 1371 1878 βου-

107 1895 305 1980 νλεύσανυα)
327 1897 525 1976 praesertim
553 1897 785 1979 Areopagitarn
806 1899 929 1980 punire
957 1899 1013 1962 vel
1038 1906 1169 1962 erectam
1199 1921 1272 1962 enm
1302 1921 1373 1963 esse

108 2005 173 2067 »ab
204 2003 413 2086 Areopagites
444 2004 499 2081 (sc.
523 2023 565 2064 er
585 2003 770 2085 Areopago)
800 2003 853 2066 vel
874 2004 937 2066 tale
958 2005 1045 2087 qnid,
1069 2026 1131 2086 qao
1143 2005 1250 2084 facile
1263 2007 1373 2087 patuit

111 2110 165 2172 »in
201 2130 344 2173 errorem
372 2108 514 2170 incidere
540 2107 809 2190 Harpocralion.«
837 2109 871 2189 (1)
916 2108 1000 2172 Huic
1034 2109 1239 2190 explicationi
1272 2111 1371 2173 fidem

104 2215 238 2291 habeat,
262 2215 312 2280 cui
335 2214 456 2296 placet;
480 2233 538 2275 nos
560 2223 715 2288 tenemus,
737 2214 826 2295 quod
844 2213 1083 2296 Harpocration
1096 2224 1232 2279 testatur
1247 2217 1372 2299 duplex

105 2321 271 2383 iudicium.
294 2356 338 2368 —

194 2446 264 2508 Iam
293 2454 393 2508 restat
420 2454 456 2508 ut
484 2443 624 2508 breviter
653 2443 817 2508 orationes
847 2465 1095 2526 percenseamus
1117 2466 1198 2527 quas
1221 2447 1252 2508 in
1274 2467 1372 2510 causa

101 2543 309 2635 βουλεύσεως
331 2551 457 2615 habitas
480 2571 550 2613 esse
572 2548 718 2613 homines
741 2549 829 2612 docti
852 2548 911 2612 sibi
932 2559 1167 2631 persuaserunt.
1204 2551 1370 2615 Econiec·

80 2665 182 2719 'tura
203 2655 275 2735 hoc,
300 2657 481 2739 ubicunque
504 2655 627 2727 accidit,
651 2654 770 2717 factum
793 2663 844 2717 est
851 2680 859 2730 3
886 2654 947 2718 sub
968 2656 1040 2736 ipso
1063 2656 1148 2718 enim
1169 2650 1370 2739 βουλεύσεως

106 2761 243 2824 nomine
271 2782 312 2824 ne
340 2782 403 2825 una
433 2762 563 2841 quidem
593 2760 710 2822 tradita
738 2767 788 2822 est
816 2759 920 2823 oratio
950 2779 1055 2841 neque
1083 2763 1115 2824 in
1144 2761 1210 2825 ulla
1230 2762 1281 2825 vel
1306 2783 1369 2826 uno

104 2866 184 2929 loco
205 2876 480 2930 commemoratur
499 2858 679 2950 βούλευ’σις.
716 2864 911 2928 Referuntur
931 2874 1040 2929 autem
1058 2867 1099 2928 ad
1121 2888 1194 2930 eam
1209 2869 1369 2931 actionem

100 2973 271 3036 orationes
292 2974 373 3036 hae:

194 3098 365 3180 Antiphon
399 3119 444 3162 or.
476 3098 534 3160 VI.
579 3098 667 3159 Reus
697 3098 738 3159 ad
769 3094 942 3176 Thargelia
969 3116 1143 3177 puerorum
1163 3098 1296 3160 chorum
1323 3099 1365 3161 in·

102 3204 299 3266 struendum
328 3204 477 3286 suscepit.
521 3203 609 3265 Inter
636 3200 883 3264 exercitationes
902 3201 955 3262 uni
977 3222 1021 3264 ex
1037 3205 1155 3284 pueris,
1178 3204 1229 3267 cui
1249 3223 1367 3266 nomen

106 3308 256 3370 Diodoto
285 3317 363 3385 erat,
392 3327 552 3372 venenum
582 3308 677 3370 datur
698 3305 870 3368 saniferum
903 3296 1076 3394 (εὐφωνίας
1095 3303 1192 3392 χάριν
1213 3310 1367 3388 argum.);

102 3432 176 3494 quo
206 3423 343 3494 accepto
371 3435 450 3497 puer
476 3413 619 3476 moritur.
676 3411 797 3475 Existit
822 3431 906 3474 nunc
939 3410 1080 3475 defuncti
1109 3412 1206 3476 frater
1231 3433 1369 3495 arguens

107 3521 210 3593 reum,
241 3520 330 3600 quod
358 3516 538 3602 βουλεύσας
559 3519 592 3598 (ξ
619 3517 666 3599 16)
690 3515 882 3580 interfecerit
902 3515 1090 3593 Diodotum,
1114 3519 1261 3602 concedit
1282 3517 1368 3582 idem

101 3621 153 3708 μὴ
176 3619 214 3686 ἐκ
236 3622 395 3706 προνοίας
413 3633 553 3687 mortem
572 3621 722 3686 effectam
744 3642 816 3685 esse
836 3623 870 3703 (ξ
897 3625 955 3701 19).

195 3747 298 3813 Caute
313 3759 347 3813 et
360 3751 535 3833 prudenter
545 3748 627 3811 hanc
639 3747 818 3810 orationem
829 3747 984 3828 produxit
998 3750 1121 3830 primus
1136 3748 1366 3830 Boeckhius²):

198 4018 219 4086 ¹)
240 4021 445 4079 Forchhammer,
466 4021 491 4071 d.
509 4022 646 4085 Areopago
666 4036 718 4068 non
737 4020 836 4084 privato
848 4037 874 4084 p.
886 4032 928 4084 31.
963 4021 996 4069 K.
1009 4021 1039 4071 F.
1057 4021 1197 4080 Hermann,
1218 4021 1250 4071 de
1262 4022 1372 4086 vestigiis

105 4127 135 4175 p.
159 4107 193 4170 48
216 4125 241 4158 n.
272 4121 333 4172 193,
360 4125 385 4172 p.
410 4119 442 4173 59
468 4125 492 4159 n.
515 4123 573 4170 242.
606 4110 750 4166 Maetzner,
775 4108 909 4173 Antiphon
932 4125 957 4174 p.
979 4109 1038 4171 248,
1062 4125 1088 4174 p.
1115 4109 1164 4158 282
1187 4110 1213 4158 in
1236 4110 1369 4160 addendis.

106 4197 235 4262 Philippi,
266 4199 311 4247 Ar.
336 4212 360 4246 u.
383 4197 449 4262 Eph.
474 4214 499 4262 p.
524 4197 633 4262 38—51.
678 4196 795 4246 Gebauer
825 4197 852 4244 in
882 4197 1050 4261 Frohbergeri
1078 4198 1168 4260 Lysiae
1197 4198 1258 4248 edit.
1288 4197 1369 4263 praef.

105 4304 134 4352 p.
154 4299 196 4336 22.
233 4283 423 4344 Wiedenhofer,
445 4286 587 4350 Jahresber.
609 4286 636 4335 d.
659 4286 693 4336 K.
720 4287 754 4336 K.
778 4285 968 4350 staats-Gyan.
992 4285 1068 4334 Wien
1086 4286 1121 4334 im
1141 4287 1284 4336 11.Bezirk
1304 4286 1371 4347 1884

104 4392 134 4440 p.
153 4373 179 4426 6.
215 4373 323 4432 orben,
343 4373 387 4423 or.
405 4373 487 4423 se-A.
504 4375 517 4422 1
536 4376 593 4436 362.
849 4360 852 4364 ’

195 4461 218 4526 ²)
236 4462 294 4512 Ind.
312 4462 395 4512 Berol.
417 4457 504 4526 18²⁶l27
523 4479 549 4526 p.
568 4473 592 4524 7.
627 4459 683 4526 (Ki.
703 4461 774 4511 Schr.
793 4461 831 4510 IV
853 4461 921 4525 250.)
