3350 5284
630 513 842 573 ..„.„

106 665 202 751 τέλης
232 665 267 732 ἕν
287 657 478 753 Ἀθηναίων
498 663 665 748 πολιτείᾳ,
688 662 722 729 ἐν
744 648 771 752 ᾧ
794 661 985 746 δικάζουσιν
1007 660 1163 732 ἀκουσίου
1185 661 1287 752 φόνου
1310 667 1368 733 καί

106 767 371 854 βουλεύσεως
401 767 432 837 oi
461 767 588 856 ἐφέται.
617 771 731 834 deinde
762 769 870 834 Schol.
899 770 1019 833 Aesch.
1051 779 1113 836 vet.
1142 773 1185 836 ad
1207 773 1237 835 Il
1266 774 1367 854 §872

108 875 167 942 ἐντί
189 878 303 942 Παλλ;
333 873 393 942 εἰιί
407 870 509 962 τούτῳ
526 873 689 958 ἐκρίνοντο
706 871 738 940 oi
756 869 911 941 ἀκούσιοι
926 869 1038 962 φόνοι·
1056 871 1088 941 oi
1105 874 1143 942 δὲ
1157 874 1192 942 ἐν
1206 871 1309 960 τούτῳ
1322 878 1369 962 τῷ

108 981 309 1068 δικαστηρίῳ
333 976 518 1062 δικάζοντος
539 977 714 1046 ἐκαλοῦντο
730 977 857 1070 ἐφέται,
874 977 1027 1061 ἐδίκαζον
1041 981 1078 1046 δε
1093 975 1370 1067 ἇκουσίουφύνου
1438 996 1441 1000 ’

108 1086 179 1152 καί
207 1081 472 1171 βουλεύσεως
492 1083 551 1151 καί
575 1079 703 1168 οίκύτην
725 1076 745 1150 ί
767 1084 921 1167 μέτοικον
942 1077 964 1151 ί
988 1085 1077 1166 ξένον
1099 1080 1369 1168 ἀποκτείναντα).

193 1194 222 1257 E
245 1194 375 1276 reliquis
397 1202 505 1257 autem
527 1211 611 1272 quae
633 1184 805 1272 βούλευσιν
826 1199 956 1255 tuentur
977 1192 1106 1268 lexicis,
1137 1194 1284 1273 quamvis
1306 1194 1370 1256 sint

19 1341 20 1390 q
109 1297 220 1375 multa,
251 1299 373 1363 nullum
402 1298 463 1361 sub
491 1296 633 1362 Palladio
663 1317 736 1361 eam
766 1296 914 1375 exhibet,
944 1318 1050 1379 neque
1070 1297 1187 1361 Pollux
1209 1319 1282 1361 eam
1304 1318 1369 1362 non

19 1397 20 1414 ³
110 1404 228 1468 omittit
262 1403 342 1467 VIII
368 1406 436 1481 118,
475 1423 580 1484 neque
613 1401 667 1482 qui
698 1403 819 1484 passim
851 1401 1028 1467 Palladium
1062 1404 1247 1468 describunt
1280 1403 1370 1468 velut

111 1509 280 1572 Pausanias
301 1510 445 1591 Periheg.
469 1509 484 1572 I
507 1509 584 1571 28a.
626 1506 782 1570 Aelianus
804 1507 847 1570 V.
869 1507 900 1570 h.
923 1508 957 1570 V
983 1523 1029 1588 15.
1053 1509 1113 1572 alii.

193 1616 318 1680 Dubito
340 1616 445 1698 igitur,
469 1633 546 1676 num
570 1611 705 1674 fortasse
728 1614 903 1694 antiquitus
925 1636 964 1677 ea
986 1616 1071 1680 actio
1093 1615 1225 1679 omnino
1248 1613 1370 1675 nonsit

19 1767 20 1810 η
111 1721 226 1783 tradita
238 1742 264 1790 s.
276 1742 306 1785 V.
323 1717 401 1785 »ἐπὶ
413 1716 634 1804 Παλλαδίφ<<;
647 1720 818 1783 Pausanias
833 1720 973 1784 atticista
984 1721 1016 1782 in
1031 1719 1138 1785 lexico
1153 1719 1229 1783 nihil
1241 1727 1370 1801 praeter

111 1821 209 1910 φόνον
225 1819 381 1893 ἀκούσιον
395 1849 419 1889 s
437 1847 466 1890 v.
483 1826 560 1892 Pall.
572 1827 699 1889 videtur
713 1824 898 1888 exhibuisse
912 1826 1071 1908 (Eustath.
1084 1827 1115 1888 in
1128 1825 1192 1891 Od.
1208 1839 1298 1903 1419,
1313 1837 1329 1902 5
1336 1839 1368 1902 3:

112 1926 262 2011 ἐδίκαζον
273 1927 635 1998 κατὰΠαυσανίανίκεῖ
651 1921 1049 2019 δικουσίουςφόνους
1063 1927 1103 1997 ol
1120 1927 1294 2020 ἐφέται).
1315 1928 1370 1990 Ex

111 2055 149 2098 eo
164 2045 274 2100 autem
284 2038 522 2120 Harpocration
534 2036 633 2119 vulgo
648 2046 780 2119 putatur
794 2039 923 2119 copiam
934 2058 1026 2101 suam
1041 2037 1181 2100 duxisse.
1209 2034 1370 2098 Obvertat

19 2157 20 2224 η
111 2141 189 2220 quis,
211 2139 286 2206 licet
306 2144 338 2207 iu
361 2143 501 2208 fontibus
523 2144 797 2226 Harpocrationis,
813 2143 888 2207 licet
902 2144 935 2206 in
949 2143 1098 2207 omnibus
1113 2141 1242 2224 reliquis
1256 2139 1367 2202 lexicis

111 2266 148 2309 ea
170 2268 236 2311 non
256 2248 358 2326 suerit,
381 2251 622 2332 diligentissime
644 2250 746 2332 Harp.
768 2269 914 2313 versasse
933 2247 1119 2312 Aristotelis
1132 2239 1248 2329 'Attqu
1270 2243 1369 2308 στολι-
1391 2275 1395 2282 ·

19 2385 20 2388 “
109 2350 207 2432 τοίαν,
238 2375 334 2418 nemo
364 2358 480 2434 nescit;
511 2355 585 2420 huic
605 2357 701 2438 igitur
724 2355 833 2418 deberi
854 2349 1035 2437 βούλευσιν.
1080 2353 1181 2428 Sane3
1211 2352 1269 2413 sed
1291 2369 1368 2429 quo·

110 2458 209 2521 modo
239 2461 389 2525 acciderit
417 2462 576 2544 explices,
607 2481 738 2543 quaes0‚
769 2462 858 2541 quod
885 2461 1082 2542 Epitoma
1110 2459 1208 2520 etiam
1236 2459 1281 2537 (et
1312 2456 1366 2534 qui

110 2582 152 2625 ex
174 2584 213 2626 ea
234 2567 355 2648 pendet
376 2565 503 2648 Suidas)
526 2566 685 2630 consentit
713 2567 744 2628 in
773 2586 813 2629 eo
837 2586 910 2629 cum
940 2563 1068 2646 reliquis
1096 2562 1254 2637 omnibus,
1278 2559 1368 2641 quod

109 2662 282 2750 βούλευσιν
310 2693 389 2736 non
417 2673 516 2736 habet
543 2695 568 2738 s.
601 2694 631 2736 v.
661 2667 721 2736 ἐπὶ
752 2669 885 2736 flata?
919 2671 1093 2752 Epitomae
1122 2676 1234 2731 auctor
1263 2684 1369 2745 neque

109 2774 210 2838 hebes
245 2775 346 2841 homo
375 2798 480 2859 neque
508 2780 592 2842 iners
621 2779 815 2860 (quicunque
846 2777 917 2858 erit)
945 2777 1094 2840 omittere
1124 2774 1256 2856 quidem
1284 2769 1369 2847 solet

110 2889 275 2945 oratorum
305 2884 504 2960 testimonia,
540 2905 624 2965 quae
657 2904 735 2947 vero
768 2885 810 2947 ad
841 2903 910 2945 rem
942 2882 1063 2944 faciunt
1091 2880 1188 2963 plena
1210 2877 1313 2941 reddit
1336 2885 1370 2940 et

109 2986 241 3068 integra.
284 2989 313 3052 E
337 3008 410 3051 mea
432 2990 562 3071 quidem
584 2990 750 3064 sententia,
781 2986 997 3070 post-factam
1017 2988 1150 3051 demum
1169 2984 1366 3066 Epitomam,

109 3089 261 3155 insertum
299 3103 350 3156 est
383 3094 632 3177 Harpocrationi
668 3115 787 3157 nomen
830 3089 1028 3178 βουλεύσεως
1062 3093 1094 3154 in
1126 3089 1271 3172 glossam
1307 3083 1368 3152 ἐπὶ

108 3197 216 3262 Παλλ.
262 3200 485 3263 transductum
529 3201 678 3263 nimirum
725 3220 769 3262 ex
814 3199 916 3263 altera
960 3198 1070 3281 glossa
1118 3188 1367 3278 spaciavimus«.

110 3300 208 3381 Quod
236 3304 268 3366 in
298 3305 399 3368 schol.
429 3306 549 3372 Aesch.
581 3305 611 3369 II
644 3306 683 3387 87
717 3307 777 3370 sub
805 3305 948 3369 Palladio
978 3307 1058 3367 inter
1086 3301 1208 3383 reliqua
1236 3298 1368 3362 crimIna

108 3403 281 3492 βούλευσις
313 3411 412 3473 etiam
450 3419 723 3476 commemoratur
755 3433 820 3475 non
853 3411 1019 3474 mirabitur
1050 3409 1104 3490 qui
1135 3427 1233 3490 quarn
1265 3401 1368 3465 multa

109 3514 299 3578 scholiastae
321 3537 394 3579 cunr
417 3516 673 3598 Harpocratione
694 3517 908 3593 convenerint,
930 3515 1107 3599 perspexit,
1148 3513 1190 3575 K.
1217 3511 1254 3574 F.
1284 3507 1367 3570 Her·

109 3639 243 3682 mannus
264 3619 404 3702 (Griech.
428 3620 531 3685 St.-A.
554 3623 574 3701 ξ
598 3637 666 3698 104,
698 3623 746 3704 10)
770 3643 814 3685 ex
835 3623 907 3704 ipso
929 3621 1030 3702 Harp.
1054 3619 1244 3683 scholiastae
1267 3614 1366 3677 verba

109 3725 272 3806 exscripta
293 3746 365 3789 esse
387 3735 507 3793 censet.

193 3832 370 3914 Postquam
391 3831 527 3895 vidimus
546 3831 633 3914 apud
648 3830 900 3914 lexicographus
912 3853 937 3895 s.
953 3855 982 3896 v.
1003 3829 1081 3896 »ἐπὶ
1095 3823 1162 3913 Ἀρ.
1177 3850 1274 3912 παφι
1291 3848 1366 3890 nuu-

110 3956 206 4017 quam
236 3929 407 4020 βούλευσιν
435 3956 506 3999 esse
533 3946 832 4011 commemoratam,
866 3947 1041 4019 postquam
1072 3956 1137 3999 non
1159 3935 1226 3997 siue
1247 3953 1366 4014 magna

109 4041 385 4106 verisimilitudinis
410 4042 517 4123 specie
540 4061 570 4106 s.
593 4061 623 4106 v.
650 4037 727 4106 »ἐντί
749 4043 876 4107 Παλλι
909 4043 1083 4125 antiquitus
1106 4061 1179 4104 eam
1201 4039 1364 4102 exstitisse

110 4147 304 4226 negavimus,
328 4147 370 4209 ad
393 4168 489 4210 unam
512 4147 732 4227 restringimur
754 4146 899 4229 glossam
923 4143 1233 4231 νβουλεύσεωςν.
1345 4130 1349 4137 ’

191 4250 288 4313 Haud
320 4253 410 4335 parvi
442 4261 552 4316 autem
582 4251 646 4315 hoc
679 4255 835 4317 momenti
869 4254 1027 4328 duxerim,
1059 4252 1146 4315 nullo
1176 4251 1261 4312 enim
1291 4247 1365 4312 Ioco

109 4353 228 4419 facilius
258 4377 346 4419 error
373 4359 479 4440 potuit
507 4357 581 4420 oriri
610 4377 708 4439 quam
737 4359 769 4420 in
798 4359 869 4439 ipsa
898 4358 953 4421 illa
982 4359 1101 4439 glossa.
1153 4355 1240 4437 Quid
1270 4356 1364 4429 enim,

109 4462 205 4525 modo
234 4470 289 4525 aut
319 4462 569 4545 lexicographus
595 4463 708 4543 aliquis
737 4473 793 4526 aut
821 4463 1052 4542 grammaticus
1077 4463 1109 4524 in
1132 4460 1365 4526 commentario

192 4616 212 4683 ¹)
231 4621 348 4670 -κτεῑναι
367 4619 424 4669 cod.
442 4647 477 4656 -
495 4622 634 4670 κτείναντι
653 4617 787 4683 Sauppius.
