3350 5284
653 479 866 546 ,Ὃ-

117 632 258 715 χαίρειν
279 634 425 697 iubemus
444 646 627 700 »auctorem
642 635 926 712 iutellectualemc,
950 656 1048 717 quem
1071 638 1138 699 sine
1161 635 1226 698 ulla
1247 637 1390 700 veritatis

118 741 239 822 specie
261 742 449 804 invenerunt
469 742 527 804 sibi
550 742 697 804 homines
719 743 814 806 docti.

219 843 412 928 Quanquam
442 846 568 909 exsistit
596 856 708 909 contra
737 868 789 910 me
818 845 1019 910 adversariae
1049 847 1148 928 partis
1178 846 1297 909 vindex
1319 838 1388 928 gra·

121 951 297 1014 vissimus:
322 988 363 998 -
385 952 492 1015 Platol
525 953 561 1015 In
590 973 628 1015 ea
656 953 751 1014 enim
769 951 821 1016 ille
851 952 960 1034 legum
990 960 1082 1032 parte
1105 971 1188 1033 quae
1210 952 1251 1014 ad
1273 951 1389 1015 caedes

120 1057 270 1138 pertinet
312 1077 377 1119 non
416 1079 481 1120 uno
517 1067 642 1121 tanturn
682 1056 755 1120 loco
798 1059 855 1120 sed
896 1058 1083 1138 saepissime
1123 1056 1287 1137 distinguit
1323 1057 1388 1119 duo

121 1163 278 1224 caedium
304 1183 431 1245 genera,
463 1163 619 1244 equibus
642 1183 715 1226 curn
737 1163 874 1226 alterum
896 1163 936 1225 sit
957 1153 1154 1246 αύτοχειρία,
1176 1162 1311 1225 alterurn
1333 1162 1390 1223 vix

125 1266 278 1329 videatur
308 1268 394 1331 aliud
430 1269 636 1350 cogitandum
675 1271 732 1331 nisi
762 1268 902 1332 incitatio
934 1269 1006 1350 (leg.
1037 1268 1084 1329 IX
1114 1269 1228 1347 872a:
1266 1258 1324 1331 ἐαν
1353 1261 1403 1332 δὲ’

123 1363 283 1493 αὐτόχειρ
305 1371 365 1451 μὲν
385 1369 480 1460 μὴ..
498 1369 679 1459 βουλεύσῃ
703 1373 740 1440 δὲ
762 1371 909 1440 θάνατον
931 1365 1058 1451 ύλλσς
1045 1371 1154 1458 ετέρῳ.
1191 1373 1300 1453 872b:
1325 1366 1391 1436 εἴτε

124 1468 283 1561 αὐτόχειρ
306 1471 373 1543 εἴτε
393 1474 599 1558 βουλεύσας.
623 1481 801 1543 ibidemd:
833 1474 933 1563 (τοὺς)
957 1469 1146 1562 αύτόχειρας
1165 1473 1331 1562 φόνους..
1351 1466 1392 1563 sti
1426 1551 1429 1555 ,

126 1575 179 1646 δι’
208 1579 468 1665 ἐπιβουλεύσεως
490 1584 686 1668 γενομένους.
731 1588 838 1667 871a:
863 1575 1036 1668 αὐτόχειρ)

217 1687 308 1769 Ergo
337 1691 425 1768 quod
454 1691 657 1772 depugnasse
685 1692 748 1754 iarn
778 1690 855 1753 mihi
886 1691 973 1752 visus
1002 1708 1090 1750 eram
1120 1708 1227 1750 rursus
1256 1686 1392 1768 emergit

124 1792 255 1854 crimen
270 1787 470 1875 βουλεύσεως
485 1794 695 1858 illustrissimo
711 1796 895 1859 testimonio
914 1793 1093 1872 firmatum;
1116 1814 1151 1856 re
1169 1813 1245 1855 vera
1262 1801 1391 1857 curatur

127 1910 240 1960 utrum
266 1898 335 1980 ipse
364 1901 434 1982 quis
456 1921 497 1964 an
519 1903 648 1965 alterius
671 1923 734 1984 ope
757 1922 832 1964 usus
861 1901 994 1963 caedem
1022 1897 1228 1980 perfeceritl?
1260 1896 1391 1960 Calcem

124 2003 306 2084 conspexi,
330 2005 394 2066 iam
427 2008 570 2089 tetigisse
604 2027 676 2070 eam
710 2005 786 2069 mihi
818 2006 919 2067 visus
939 2025 1027 2067 eram
1057 2041 1099 2050 —
1129 2024 1212 2066 nunc
1241 2004 1392 2065 recedere

124 2105 256 2187 cogor?
291 2109 407 2191 Neque
428 2132 601 2193 possumus
623 2113 841 2194 tergiversari;
874 2131 938 2173 non
960 2109 1096 2172 obscure
1117 2107 1210 2171 Plato
1235 2107 1391 2188 loquitur:

126 2211 223 2274 illum
256 2215 282 2276 si
321 2235 495 2296 sequamur
534 2220 649 2281 ducem
686 2239 705 2280 a
740 2238 817 2280 vero
855 2237 920 2279 non
956 2214 1185 2304 aberrabimus.
1243 2211 1391 2276 Profecto

125 2325 239 2381 totum
269 2339 321 2382 me
345 2322 459 2385 addico
483 2325 519 2398 ei,
551 2334 648 2404 atque
671 2324 799 2405 egregie
821 2321 874 2384 ille
896 2323 999 2403 ipsam
1022 2340 1119 2401 quam
1140 2328 1301 2382 sectamur
1323 2339 1391 2382 rem

126 2431 248 2498 tuetur,
282 2426 380 2488 modo
407 2447 481 2490 eum
511 2430 630 2502 audias,
661 2430 759 2491 modo
792 2448 832 2490 ne
861 2435 1031 2490 contentus
1056 2427 1099 2489 sis
1122 2424 1262 2487 frustulis
1284 2425 1391 2505 parvis

127 2527 208 2590 hinc
230 2530 282 2592 vel
304 2531 389 2594 illinc
411 2533 579 2615 decerptis.
624 2534 800 2615 Distinguit
820 2552 897 2594 sane
919 2531 1052 2593 caedem
1068 2521 1256 2618 αότοχειρίρι
1271 2529 1390 2611 perfec·

132 2642 202 2695 tarn
233 2634 274 2697 ab
305 2657 343 2698 ea
372 2656 469 2719 quarn
497 2635 676 2720 βουλεύσας
704 2640 774 2720 quis
804 2637 958 2713 effecerit3
991 2637 1044 2717 qui
1073 2645 1181 2699 autern
1203 2643 1315 2697 contra
1337 2654 1390 2697 me

128 2737 218 2801 hunc
247 2752 439 2822 apparatum
469 2746 622 2820 movebit,
653 2766 726 2808 eum
758 2765 870 2807 serena
898 2742 1003 2805 fronte
1028 2763 1086 2823 per
1106 2741 1242 2803 indicem
1265 2749 1390 2802 tantum

128 2845 174 2906 ad
207 2845 375 2909 Platonem
408 2850 610 2912 descendisse
644 2859 677 2912 et
708 2871 882 2932 coarguam
917 2857 950 2910 et
980 2848 1185 2910 convincaml
1219 2847 1273 2926 qui
1305 2845 1389 2908 enim

129 2948 212 3030 legit
242 2951 410 3015 Platonem
440 2975 505 3017 non
533 2957 639 3036 potuit
670 2956 906 3036 praetervidere
938 2952 1220 3015 luculentissimam
1253 2954 1390 3014 duorum

127 3056 241 3117 caedis
267 3077 421 3138 generum
450 3062 699 3142 explicationem
730 3081 827 3141 quarn
857 3062 888 3122 in
917 3057 1021 3120 lronte
1047 3057 1128 3119 illius
1159 3057 1267 3137 legum
1290 3057 1389 3138 partis

131 3159 283 3224 invenies.
329 3163 505 3245 Postquam
535 3156 629 3228 enim'
648 3167 739 3228 Plato
769 3167 910 3248 quinque
939 3163 1044 3226 divisit
1066 3182 1193 3242 genera,
1223 3161 1389 3224 diversae

128 3265 212 3327 dolo
243 3267 330 3330 malo
360 3279 458 3351 atque
477 3292 528 3333 ex
555 3271 682 3347 affectu,
713 3271 822 3352 perfici
852 3271 949 3332 docet
978 3287 1090 3330 omnes
1119 3266 1235 3328 caedes
1265 3265 1389 3328 duabus

132 3370 321 3448 rationibus,
346 3376 409 3452 864
431 3397 449 3438 c
478 3399 515 3440 το
536 3378 596 3457 μὲν
620 3371 676 3442 διὰ
696 3375 816 3459 βιαίων
839 3374 896 3440 καὶ
920 3373 1094 3458 ξυμφανῶν
1115 3367 1267 3453 πράξεων
1288 3394 1388 3454 πρατ-

127 3467 267 3555 τόμενον
302 3473 477 3546 ἑκάστοτε,
495 3532 500 3542 .
521 3477 579 3546 ,τὸ
612 3481 649 3547 δὲ
678 3477 758 3556 μετὰ
792 3475 929 3558 σκότους
961 3477 1019 3541 καί
1051 3472 1180 3561 ἀπάτης
1217 3473 1390 3558 λαθραίως

127 3574 328 3664 γιγνόμενον,
352 3622 393 3632 -
1265 3637 1268 3640 ,

219 3689 308 3752 Prius
337 3691 414 3753 illud
441 3691 553 3797 βίαιον
582 3713 683 3772 genus
718 3684 907 3778 αὐτοχειρία
944 3689 1119 3770 respondet
1154 3684 1322 3747 manifesta
1358 3685 1389 3747 vi

130 3803 302 3874 peractum
318 3770 503 3861 verberibus
517 3809 614 3878 atque
629 3798 812 3861 vulneribus
821 3798 854 3877 ¹)
879 3795 978 3877 (8680
1000 3781 1180 3876 πληχαῖς”
1158 3815 1178 3877 η
1193 3814 1257 3854 τινι
1273 3785 1387 3876 τρόπῳ

128 3896 245 3983 βιαίῳ,
280 3901 378 3981 879b
407 3900 521 3984 βίαιον
548 3900 585 3969 τὸ
607 3906 665 3991 τῆς
687 3899 798 3980 αἰκίας
820 3903 889 3965 πᾶν
910 3899 1027 3984 χένος);
1059 3896 1177 3958 insidiis
1206 3916 1283 3957 vero
1306 3894 1389 3958 clan-

131 4003 267 4067 destinis
297 4028 355 4069 nec
389 4008 558 4072 manifesta
587 4012 708 4071 ratione
744 4009 797 4089 qui
827 4008 924 4069 utitur
957 3999 1135 4088 βουλεύσας
1165 4000 1319 4062 interficit.
1346 4036 1389 4046 -

131 4107 229 4171 Duae
250 4115 439 4178 rationes
462 4115 520 4178 sibi
543 4124 751 4195 opponuntur
772 4104 935 4195 (αύτόχειρ
955 4146 995 4154 -
1014 4100 1212 4191 βουλεύσας),
1236 4126 1301 4168 non
1323 4106 1388 4168 duo

132 4212 337 4282 homines.

222 4381 383 4450 )Conseras
395 4387 427 4435 de
440 4386 487 4433 hac
499 4401 526 4433 re
537 4382 630 4432 Aesch
646 4382 734 4442 1172:
749 4374 951 4444 Νικόδηιιος.
964 4373 1155 4441 τετελεύτηκε
1167 4377 1249 4443 βιαίῳ
1262 4367 1387 4439 θανάτῳ,

133 4471 294 4536 ἐκκοπεὶς
283 4494 298 4527 ο
320 4475 441 4534 δείλαιος
458 4469 635 4543 ἀμφοτέρους
651 4468 718 4530 τοὺς
737 4463 906 4540 όφθιιίμους
924 4467 971 4519 καὶ
989 4464 1041 4532 τῆν
1059 4465 1184 4534 γλῶτταν
1202 4459 1387 4533 ἀποτμηθείς.

1147 4563 1185 4616 2*
