3350 5284
662 454 876 518 -39„

132 607 288 670 wieder«.
348 605 479 670 Minime
515 607 692 672 invenimus
710 631 712 636 ¹
732 629 803 671 eam
842 609 893 672 ibi.
951 609 1077 672 Erravit
1111 609 1257 692 Philippi,
1290 645 1329 655 —
1358 630 1399 674 ne
1466 608 1470 616 ’

132 713 289 796 graviore
311 720 381 775 utar
402 710 513 788 verbo,
541 750 583 758 -
612 734 650 777 ea
679 716 763 776 enim
792 713 892 777 verba
921 713 990 795 ipsa
1016 734 1098 795 quae
1128 717 1256 797 respicit
1276 715 1400 779 coniec-
1440 722 1444 728 '

131 827 228 880 turae
250 817 416 890 debentur,
441 836 603 899 nunquam
626 838 686 901 pro
709 828 797 882 certo
820 819 1004 881 testimonio
1027 820 1073 882 eis
1095 819 1182 883 licuit
1196 821 1241 883 uti
1248 845 1256 896 ;
1277 821 1401 883 accedit

134 924 227 1006 quod
258 922 441 985 coniectura
470 943 508 986 ea
534 923 575 987 U.
604 923 758 988 Koehleri
781 923 847 1004 (cfr.
871 945 904 1006 p.
930 938 965 1004 35
990 945 1020 986 n.
1045 925 1076 1004 3)
1105 924 1242 988 refutata
1264 927 1327 988 iam
1348 934 1399 990 est

134 1036 237 1110 atque
260 1028 378 1090 nemini
400 1027 465 1091 fere
489 1030 583 1093 hodie
607 1029 770 1110 probatur.
816 1029 921 1092 Unico
943 1029 1038 1110 igitur
1059 1023 1231 1111 βούλευσίς
1252 1029 1397 1094 firmatur

135 1131 240 1195 fulcro
270 1133 343 1206 hoc,
374 1135 462 1216 quod
487 1134 596 1216 plures
618 1136 806 1198 exciderunt
829 1134 939 1198 literae
961 1135 991 1197 in
1014 1135 1130 1216 lapide,
1161 1154 1259 1218 quam
1282 1136 1398 1215 quibus

133 1232 339 1323 βουλεύσεως
364 1259 482 1301 nomen
512 1249 649 1307 constat.
694 1240 809 1303 Talem
837 1249 946 1303 autem
976 1241 1001 1302 si
1024 1240 1211 1322 probaveris
1232 1261 1398 1322 argumen-

133 1346 227 1408 tandi
256 1347 427 1419 rationem,
460 1344 535 1406 nihil
564 1355 613 1409 est
643 1346 730 1426 quod
761 1365 826 1408 non
853 1346 1072 1409 demonstrem
1099 1346 1156 1409 tibi
1179 1344 1260 1408 facili
1281 1367 1397 1429 opera:

137 1459 190 1513 sat
210 1450 297 1512 enim
320 1468 457 1538 magnae
480 1450 512 1510 in
533 1449 691 1533 lapidibus
711 1452 798 1514 hiant
820 1451 962 1516 lacunae.

225 1562 419 1648 Quanquam
450 1583 514 1624 non
535 1572 705 1627 contentus
725 1565 884 1645 negando,
909 1584 992 1626 nunc
1013 1565 1243 1628 demonstrabo
1266 1585 1300 1627 re
1321 1585 1398 1628 vera

138 1689 213 1732 reus
244 1666 346 1732 factus
377 1687 448 1730 esse
478 1688 543 1732 non
575 1665 790 1751 βουλεύσεως,
820 1671 880 1732 sed
911 1660 1031 1754 φόνου,
1068 1671 1094 1733 si
1124 1671 1195 1751 quis
1222 1663 1399 1753 βουλεύσας

138 1772 351 1836 interfecerat.

225 1879 348 1942 Videas
370 1879 411 1941 ad
434 1878 618 1942 Platonem:
642 1878 887 1961 Euthyphronis
909 1893 1002 1963 pater
1016 1877 1203 1963 βουλεύσας,
1221 1891 1257 1943 ut
1272 1880 1395 1962 opinor,

139 2005 204 2046 non
227 1980 314 2065 χειρί
335 1983 491 2048 interfecit
513 1983 687 2063 hominem,
711 2004 808 2065 quem
831 1986 862 2047 in
885 1985 1004 2049 fossam
1027 1987 1187 2050 abiectum
1213 1985 1298 2048 fame
1312 1985 1397 2067 gelu·

138 2109 203 2170 que
223 2091 327 2171 perire
349 2111 463 2172 passus
486 2101 563 2154 erat.
607 2091 857 2172 Exspectaveris
878 2085 1076 2173 βουλεύσεως
1097 2092 1256 2154 actionem
1278 2091 1396 2154 institui
1495 2079 1498 2084 ¹

137 2195 169 2256 in
191 2215 276 2258 eum.
320 2194 367 2257 At
389 2196 482 2258 aliter
504 2217 554 2259 res
577 2195 730 2260 sehabet
752 2216 786 2258 re
808 2217 894 2259 vera.
938 2197 1012 2279 Ipse
1034 2198 1118 2261 enim
1141 2195 1397 2278 Euthyphrona

140 2299 276 2363 Socrate
303 2301 518 2382 interrogatus
540 2294 672 2385 φόνου
701 2302 862 2364 actionem
885 2312 996 2366 contra
1018 2312 1143 2383 patrem
1174 2302 1333 2365 illaturum
1362 2322 1398 2364 se

137 2425 208 2468 esse
239 2405 316 2467 dicit
346 2407 451 2470 verbis
473 2407 651 2471 luculentis.
692 2405 785 2469 Plato
807 2405 904 2471 Euth.
928 2425 985 2484 4a.
1023 2405 1189 2470 Socrates:
1213 2400 1283 2470 ἔστι
1305 2403 1342 2469 δὲ
1363 2403 1397 2470 εί

137 2504 174 2577 τὸ
202 2505 349 2595 ἔγκλημα
373 2510 430 2576 καί
457 2509 544 2590 τίνος
570 2503 590 2598 ἡ
616 2507 709 2595 δίκης
741 2510 924 2592 Euthyphr.
951 2504 1096 2596 φόνου,
1119 2500 1146 2575 ὦ
1161 2508 1337 2595 Σώκρατες.
1355 2550 1394 2559 -

137 2616 272 2698 Antiplr.
297 2617 350 2680 or.
367 2618 414 2680 VI
437 2640 509 2682 reus
531 2638 599 2681 rem
621 2616 754 2700 perfecit
776 2609 969 2700 βουλεύσας;
992 2618 1092 2698 vulgo
1118 2626 1249 2699 putatur
1262 2608 1395 2700 βουλεύ-

137 2744 221 2798 σεως
243 2743 314 2785 esse
336 2743 422 2801 reus;
454 2725 542 2805 quod
566 2732 601 2786 ut
622 2722 673 2785 vel
696 2722 796 2784 semel
819 2723 850 2785 in
873 2743 911 2784 ea
934 2723 1077 2784 oratione
1100 2731 1247 2785 occurrat
1266 2740 1393 2795 nomen,

135 2838 263 2891 tantum
291 2828 393 2904 abest,
423 2838 458 2891 ut
480 2829 604 2892 disertis
633 2827 739 2890 verbis
765 2836 863 2906 atque
893 2827 1054 2908 expressis
1084 2819 1188 2910 φόυυυ
1215 2827 1300 2890 actio
1324 2826 1394 2889 sola

136 2943 426 2997 commemoretur:
451 2937 523 3014 go:
546 2929 647 3016 φόνου
672 2925 852 3017 διώκοντες.
890 2931 979 3012 §36,
1002 2948 1060 3010 42:
1084 2925 1186 3016 φόνου
1201 2929 1287 3016 δίκη.
1302 2970 1343 2978 —
1359 2931 1393 2995 Si

137 3040 208 3120 quis
231 3039 346 3101 iniusta
364 3040 566 3102 accusatione
589 3040 729 3120 aliquem
750 3037 886 3112 sustulit,
909 3038 1029 3119 quippe
1051 3058 1125 3099 cum
1148 3057 1212 3098 non
1232 3035 1318 3119 χειρί
1343 3057 1394 3100 oc·

137 3143 259 3218 ciderit,
275 3140 477 3228 βουλεύσεως
491 3145 637 3208 videatur
652 3163 739 3220 reus;
757 3152 790 3205 at
806 3143 923 3205 diserte
941 3143 981 3204 de
997 3135 1099 3227 φόνου
1113 3142 1239 3205 actione
1254 3141 1393 3224 loquitur

136 3248 216 3312 Ant.
232 3249 265 3309 V
284 3264 339 3330 59:
364 3245 451 3314 πολὺ
473 3241 513 3313 lb
534 3246 738 3333 δικαιότερονι
760 3239 876 3332 ἁλοίης
895 3249 952 3312 τοῦ
972 3240 1101 3335 φόνου
1123 3243 1181 3328 ἐμὲ
1195 3241 1393 3326 ἀποκτείνας

138 3354 192 3436 (sc.
224 3375 283 3436 per
304 3356 607 3418 condemnationem
629 3356 789 3435 iniustam)
817 3347 885 3418 ὑπὸ
912 3337 975 3417 cciv
1003 3348 1078 3432 ἐμοὶ
1112 3347 1343 3437 προσηκόντων
1372 3343 1393 3440 ἢ

137 3455 202 3543 ἐγὼ
229 3450 297 3524 ὑπὸ
327 3461 387 3526 σοῦ
416 3458 474 3525 καί
502 3459 567 3524 τῶν
594 3454 719 3526 ἐκείνου
743 3451 939 3544 ἀναγκαίων.
965 3494 1007 3505 -
1028 3458 1143 3539 Neque
1172 3457 1263 3520 aliter
1284 3478 1334 3521 res
1356 3479 1392 3522 se

105 3593 109 3606 «
136 3565 235 3628 habet
262 3566 293 3628 in
323 3566 519 3630 orationibus
548 3566 697 3630 omnibus
727 3585 816 3648 quas,
847 3565 873 3627 si
902 3564 1031 3646 quidem
1060 3561 1119 3625 luit
1140 3583 1179 3626 ea
1201 3561 1301 3637 actio,
1331 3562 1392 3626 sub

137 3672 266 3733 nomine
295 3664 494 3753 βουλεύσεως
523 3671 648 3733 habitas
674 3692 744 3734 esse
767 3670 946 3732 necessario
968 3668 1193 3736 censuerimus.
1235 3668 1392 3744 Revera,

120 3796 266 3859 semper
294 3777 324 3839 in
354 3777 509 3840 eiusmodi
540 3776 665 3840 casibus
693 3769 793 3862 φόνου
823 3776 907 3838 actio
937 3774 1079 3837 instituta
1106 3783 1156 3836 est
1179 3794 1244 3836 non
1264 3766 1393 3858 βουλεύ-

137 3902 227 3960 σεως,
251 3902 334 3962 quae
357 3882 497 3946 inaudita
519 3902 649 3965 prorsus
672 3891 721 3944 est
742 3883 773 3944 in
794 3881 908 3963 capitis
930 3880 1041 3954 causis,
1065 3899 1147 3959 quae
1169 3870 1394 3943 molestissima

137 3998 223 4050 esset
251 3997 349 4068 atque
371 3988 530 4052 erroribus
552 4008 654 4070 prona
672 3996 806 4069 propter
827 3984 1000 4067 gemellam
1026 3986 1056 4047 in
1079 3985 1174 4049 rebus
1197 3984 1392 4061 foenerariis;

136 4113 376 4174 supervacanea
408 4103 457 4157 est
492 4094 634 4175 insuper,
672 4094 825 4173 quoniam
855 4113 873 4154 e
901 4091 973 4173 lege
999 4089 1191 4154 Andocides
1219 4092 1260 4152 ad
1290 4086 1391 4174 φόνου

137 4199 226 4280 leges
248 4198 375 4262 reicitur
393 4200 574 4280 quicunque
596 4191 773 4281 βουλεύσας
794 4196 959 4262 interfecit.
982 4233 1025 4241 —

220 4311 359 4375 Tutatus
378 4334 450 4375 sum
464 4312 753 4394 Harpocrationem
776 4313 808 4374 in
823 4331 950 4374 summa
965 4329 1007 4384 re,
1031 4308 1248 4373 definitionem
1263 4308 1391 4371 sceleris

136 4418 177 4481 ab
208 4437 248 4480 eo
277 4419 396 4499 accepi,
420 4418 533 4481 retinui
555 4418 678 4500 duplex
699 4419 786 4498 quod
808 4425 956 4480 testatur.
970 4415 1135 4492 iudicium;
1166 4415 1253 4495 quod
1282 4422 1392 4477 autem
