<?xml version="1.0" encoding="UTF-8"?>
<!DOCTYPE html PUBLIC "-//W3C//DTD XHTML 1.0 Transitional//EN"
    "http://www.w3.org/TR/xhtml1/DTD/xhtml1-transitional.dtd">
<html xmlns="http://www.w3.org/1999/xhtml" xml:lang="en" lang="en">
 <head>
  <title>
</title>
<meta http-equiv="Content-Type" content="text/html;charset=utf-8" />
  <meta name='ocr-system' content='tesseract 3.04.00' />
  <meta name='ocr-capabilities' content='ocr_page ocr_carea ocr_par ocr_line ocrx_word'/>
</head>
<body>
  <div class='ocr_page' id='page_1' title='image "./decriminevouleu01passgoog_0019.png"; bbox 0 0 3350 5284; ppageno 0'>
   <div class='ocr_carea' id='block_1_1' title="bbox 671 477 888 538">
    <p class='ocr_par' dir='ltr' id='par_1_1' title="bbox 671 477 888 538">
     <span class='ocr_line' id='line_1_1' title="bbox 671 477 888 538; baseline 0 -32"><span class='ocrx_word' id='word_1_1' title='bbox 671 477 888 538; x_wconf 68' lang='lat'>„13-</span> 
     </span>
    </p>
   </div>
   <div class='ocr_carea' id='block_1_2' title="bbox 137 623 1409 3762">
    <p class='ocr_par' dir='ltr' id='par_1_2' title="bbox 137 623 1407 2503">
     <span class='ocr_line' id='line_1_2' title="bbox 137 623 1401 714; baseline 0.002 -24"><span class='ocrx_word' id='word_1_2' title='bbox 137 629 310 709; x_wconf 89' lang='lat' dir='ltr'>percussit.</span> <span class='ocrx_word' id='word_1_3' title='bbox 341 627 496 709; x_wconf 87' lang='lat' dir='ltr'>Aeschyl.</span> <span class='ocrx_word' id='word_1_4' title='bbox 512 629 606 691; x_wconf 91' lang='lat' dir='ltr'>Eum.</span> <span class='ocrx_word' id='word_1_5' title='bbox 625 631 698 707; x_wconf 83' lang='lat'>582:</span> <span class='ocrx_word' id='word_1_6' title='bbox 721 629 938 714; x_wconf 78' lang='grc' dir='ltr'><em>ξιφουλκῷ</em></span> <span class='ocrx_word' id='word_1_7' title='bbox 952 626 1066 713; x_wconf 77' lang='grc' dir='ltr'><em>χειρὶ</em></span> <span class='ocrx_word' id='word_1_8' title='bbox 1080 625 1164 713; x_wconf 81' lang='grc' dir='ltr'><em>πρὸς</em></span> <span class='ocrx_word' id='word_1_9' title='bbox 1178 627 1273 713; x_wconf 82' lang='grc' dir='ltr'><em>δέρην</em></span> <span class='ocrx_word' id='word_1_10' title='bbox 1286 623 1401 710; x_wconf 78' lang='grc' dir='ltr'>τεμών.</span> 
     </span>
     <span class='ocr_line' id='line_1_3' title="bbox 139 727 1405 819; baseline 0.003 -25"><span class='ocrx_word' id='word_1_11' title='bbox 139 731 266 814; x_wconf 83' lang='lat' dir='ltr'>Agam.</span> <span class='ocrx_word' id='word_1_12' title='bbox 283 749 354 796; x_wconf 90' lang='lat'>110:</span> <span class='ocrx_word' id='word_1_13' title='bbox 368 728 426 797; x_wconf 73' lang='grc' dir='ltr'>σὺν</span> <span class='ocrx_word' id='word_1_14' title='bbox 435 730 509 817; x_wconf 82' lang='grc' dir='ltr'><em>δορὶ</em></span> <span class='ocrx_word' id='word_1_15' title='bbox 523 731 595 798; x_wconf 79' lang='grc' dir='ltr'>καὶ</span> <span class='ocrx_word' id='word_1_16' title='bbox 609 729 897 817; x_wconf 74' lang='grc' dir='ltr'><em>χειρὶιιράκιορι</em></span> <span class='ocrx_word' id='word_1_17' title='bbox 909 755 951 798; x_wconf 84' lang='grc' dir='ltr'>ν.;</span> <span class='ocrx_word' id='word_1_18' title='bbox 969 736 1064 811; x_wconf 79' lang='lat'>1480:</span> <span class='ocrx_word' id='word_1_19' title='bbox 1079 733 1195 816; x_wconf 75' lang='grc' dir='ltr'><em>δαμεὶς</em></span> <span class='ocrx_word' id='word_1_20' title='bbox 1207 727 1371 819; x_wconf 77' lang='grc' dir='ltr'><em>δάμαρτος</em></span> <span class='ocrx_word' id='word_1_21' title='bbox 1379 738 1405 815; x_wconf 83' lang='lat'>¹)</span> 
     </span>
     <span class='ocr_line' id='line_1_4' title="bbox 140 831 1406 926; baseline 0 -24"><span class='ocrx_word' id='word_1_22' title='bbox 140 833 183 902; x_wconf 69' lang='grc' dir='ltr'>ἐκ</span> <span class='ocrx_word' id='word_1_23' title='bbox 204 833 324 923; x_wconf 82' lang='grc' dir='ltr'><em>χερὸς</em></span> <span class='ocrx_word' id='word_1_24' title='bbox 345 831 524 926; x_wconf 79' lang='grc' dir='ltr'><em>ἀμφιτόμῳ</em></span> <span class='ocrx_word' id='word_1_25' title='bbox 546 837 692 925; x_wconf 77' lang='grc' dir='ltr'><em>βελέμνῳ</em></span> <span class='ocrx_word' id='word_1_26' title='bbox 712 839 837 922; x_wconf 80' lang='lat' dir='ltr'>,Soph.</span> <span class='ocrx_word' id='word_1_27' title='bbox 853 839 934 904; x_wconf 91' lang='lat' dir='ltr'>Oed.</span> <span class='ocrx_word' id='word_1_28' title='bbox 951 837 988 907; x_wconf 83' lang='lat' dir='ltr'>C.</span> <span class='ocrx_word' id='word_1_29' title='bbox 1005 841 1083 918; x_wconf 80' lang='lat'>835:</span> <span class='ocrx_word' id='word_1_30' title='bbox 1106 832 1178 919; x_wconf 48' lang='grc' dir='ltr'>τάχ)</span> <span class='ocrx_word' id='word_1_31' title='bbox 1204 837 1237 917; x_wconf 81' lang='grc' dir='ltr'>ἐς</span> <span class='ocrx_word' id='word_1_32' title='bbox 1262 833 1406 923; x_wconf 82' lang='grc' dir='ltr'><strong><em>βάσανον</em></strong></span> 
     </span>
     <span class='ocr_line' id='line_1_5' title="bbox 140 933 1400 1032; baseline 0.001 -25"><span class='ocrx_word' id='word_1_33' title='bbox 140 934 176 1007; x_wconf 82' lang='grc' dir='ltr'>εἶ</span> <span class='ocrx_word' id='word_1_34' title='bbox 205 945 337 1028; x_wconf 82' lang='grc' dir='ltr'><strong><em>χερῶν.</em></strong></span> <span class='ocrx_word' id='word_1_35' title='bbox 364 944 461 1022; x_wconf 88' lang='lat'><strong>1296:</strong></span> <span class='ocrx_word' id='word_1_36' title='bbox 491 933 564 1009; x_wconf 63' lang='grc' dir='ltr'><em>οὔτε</em></span> <span class='ocrx_word' id='word_1_37' title='bbox 594 940 727 1032; x_wconf 76' lang='grc' dir='ltr'><strong><em>νικήσας</em></strong></span> <span class='ocrx_word' id='word_1_38' title='bbox 756 940 843 1030; x_wconf 74' lang='grc' dir='ltr'>λόγῳ</span> <span class='ocrx_word' id='word_1_39' title='bbox 862 948 867 1023; x_wconf 91' lang='grc' dir='ltr'>Ι</span> <span class='ocrx_word' id='word_1_40' title='bbox 888 935 955 1010; x_wconf 69' lang='grc' dir='ltr'>οἵτ’</span> <span class='ocrx_word' id='word_1_41' title='bbox 981 939 1028 1021; x_wconf 82' lang='grc' dir='ltr'>εἰς</span> <span class='ocrx_word' id='word_1_42' title='bbox 1050 938 1180 1027; x_wconf 77' lang='grc' dir='ltr'><strong><em>ἔλεγχον</em></strong></span> <span class='ocrx_word' id='word_1_43' title='bbox 1200 937 1307 1028; x_wconf 75' lang='grc' dir='ltr'><em>χειρός</em></span> <span class='ocrx_word' id='word_1_44' title='bbox 1328 933 1400 1009; x_wconf 77' lang='grc' dir='ltr'>οὐδ’</span> 
     </span>
     <span class='ocr_line' id='line_1_6' title="bbox 141 1042 1402 1134; baseline -0.002 -22"><span class='ocrx_word' id='word_1_45' title='bbox 141 1042 241 1134; x_wconf 73' lang='grc' dir='ltr'><em>ἔργον</em></span> <span class='ocrx_word' id='word_1_46' title='bbox 262 1043 373 1129; x_wconf 81' lang='grc' dir='ltr'><strong><em>μολών</em></strong></span> <span class='ocrx_word' id='word_1_47' title='bbox 396 1101 402 1114; x_wconf 93' lang='grc'><strong>.</strong></span> <span class='ocrx_word' id='word_1_48' title='bbox 426 1049 577 1112; x_wconf 88' lang='lat' dir='ltr'>Herodot</span> <span class='ocrx_word' id='word_1_49' title='bbox 593 1049 670 1112; x_wconf 89' lang='lat' dir='ltr'>VIII</span> <span class='ocrx_word' id='word_1_50' title='bbox 686 1053 736 1130; x_wconf 87' lang='lat'>89,</span> <span class='ocrx_word' id='word_1_51' title='bbox 759 1051 806 1113; x_wconf 93' lang='lat' dir='ltr'>IX</span> <span class='ocrx_word' id='word_1_52' title='bbox 820 1052 879 1129; x_wconf 87' lang='lat'>48:</span> <span class='ocrx_word' id='word_1_53' title='bbox 901 1049 1019 1133; x_wconf 84' lang='grc' dir='ltr'><em>χειρῶν</em></span> <span class='ocrx_word' id='word_1_54' title='bbox 1036 1044 1141 1129; x_wconf 84' lang='grc' dir='ltr'><strong><em>νόμος.</em></strong></span> <span class='ocrx_word' id='word_1_55' title='bbox 1178 1048 1233 1112; x_wconf 82' lang='lat' dir='ltr'>cir.</span> <span class='ocrx_word' id='word_1_56' title='bbox 1250 1048 1402 1112; x_wconf 89' lang='lat' dir='ltr'>Aeschin.</span> 
     </span>
     <span class='ocr_line' id='line_1_7' title="bbox 140 1139 1405 1242; baseline 0.002 -28"><span class='ocrx_word' id='word_1_57' title='bbox 140 1153 158 1214; x_wconf 97' lang='lat' dir='ltr'>I</span> <span class='ocrx_word' id='word_1_58' title='bbox 184 1165 200 1232; x_wconf 82' lang='lat'>5</span> <span class='ocrx_word' id='word_1_59' title='bbox 223 1173 249 1216; x_wconf 91' lang='lat' dir='ltr'>c.</span> <span class='ocrx_word' id='word_1_60' title='bbox 267 1153 368 1217; x_wconf 89' lang='lat' dir='ltr'>schol.</span> <span class='ocrx_word' id='word_1_61' title='bbox 385 1153 493 1218; x_wconf 74' lang='lat' dir='ltr'>Thuc:</span> <span class='ocrx_word' id='word_1_62' title='bbox 503 1153 552 1216; x_wconf 90' lang='lat' dir='ltr'>IV</span> <span class='ocrx_word' id='word_1_63' title='bbox 566 1171 624 1233; x_wconf 82' lang='lat'>43:</span> <span class='ocrx_word' id='word_1_64' title='bbox 647 1139 685 1242; x_wconf 73' lang='grc' dir='ltr'>ἦν</span> <span class='ocrx_word' id='word_1_65' title='bbox 705 1157 724 1235; x_wconf 84' lang='grc' dir='ltr'><em>ἡ</em></span> <span class='ocrx_word' id='word_1_66' title='bbox 739 1151 827 1241; x_wconf 79' lang='grc' dir='ltr'><em>μάχη</em></span> <span class='ocrx_word' id='word_1_67' title='bbox 851 1150 989 1241; x_wconf 82' lang='grc' dir='ltr'><em>καριερὰ</em></span> <span class='ocrx_word' id='word_1_68' title='bbox 1014 1154 1071 1219; x_wconf 82' lang='grc' dir='ltr'>καὶ</span> <span class='ocrx_word' id='word_1_69' title='bbox 1087 1151 1129 1219; x_wconf 77' lang='grc' dir='ltr'>ἐν</span> <span class='ocrx_word' id='word_1_70' title='bbox 1143 1153 1288 1237; x_wconf 81' lang='grc' dir='ltr'><strong><em>χερσὶν</em></strong></span> <span class='ocrx_word' id='word_1_71' title='bbox 1302 1155 1405 1218; x_wconf 80' lang='grc' dir='ltr'><strong><em>πᾶσα.</em></strong></span> 
     </span>
     <span class='ocr_line' id='line_1_8' title="bbox 140 1254 1404 1344; baseline 0.002 -24"><span class='ocrx_word' id='word_1_72' title='bbox 140 1257 237 1321; x_wconf 89' lang='lat' dir='ltr'>Plato</span> <span class='ocrx_word' id='word_1_73' title='bbox 258 1259 320 1340; x_wconf 86' lang='lat' dir='ltr'>leg.</span> <span class='ocrx_word' id='word_1_74' title='bbox 344 1259 405 1339; x_wconf 83' lang='lat'>633</span> <span class='ocrx_word' id='word_1_75' title='bbox 422 1259 465 1321; x_wconf 93' lang='lat' dir='ltr'>B:</span> <span class='ocrx_word' id='word_1_76' title='bbox 490 1255 524 1324; x_wconf 81' lang='grc' dir='ltr'>ἕν</span> <span class='ocrx_word' id='word_1_77' title='bbox 545 1262 619 1337; x_wconf 81' lang='grc' dir='ltr'><strong><em>ταῖς</em></strong></span> <span class='ocrx_word' id='word_1_78' title='bbox 633 1257 716 1344; x_wconf 79' lang='grc' dir='ltr'><em>πρὸς</em></span> <span class='ocrx_word' id='word_1_79' title='bbox 732 1254 893 1339; x_wconf 57' lang='lat' dir='ltr'>attelaus</span> <span class='ocrx_word' id='word_1_80' title='bbox 905 1264 980 1339; x_wconf 82' lang='grc' dir='ltr'><strong><em>ταῖς</em></strong></span> <span class='ocrx_word' id='word_1_81' title='bbox 991 1259 1137 1343; x_wconf 83' lang='grc' dir='ltr'><strong><em>χερσὶν</em></strong></span> <span class='ocrx_word' id='word_1_82' title='bbox 1151 1255 1284 1341; x_wconf 83' lang='grc' dir='ltr'><em>μάχαις.</em></span> <span class='ocrx_word' id='word_1_83' title='bbox 1322 1259 1404 1323; x_wconf 89' lang='lat' dir='ltr'>Xen.</span> 
     </span>
     <span class='ocr_line' id='line_1_9' title="bbox 141 1359 1404 1450; baseline 0 -25"><span class='ocrx_word' id='word_1_84' title='bbox 141 1362 230 1426; x_wconf 90' lang='lat' dir='ltr'>Hell.</span> <span class='ocrx_word' id='word_1_85' title='bbox 253 1362 317 1426; x_wconf 92' lang='lat' dir='ltr'>VII</span> <span class='ocrx_word' id='word_1_86' title='bbox 340 1381 369 1438; x_wconf 86' lang='lat'>2,</span> <span class='ocrx_word' id='word_1_87' title='bbox 396 1381 448 1442; x_wconf 90' lang='lat'>14:</span> <span class='ocrx_word' id='word_1_88' title='bbox 474 1359 511 1427; x_wconf 79' lang='grc' dir='ltr'>ἐκ</span> <span class='ocrx_word' id='word_1_89' title='bbox 532 1360 640 1450; x_wconf 86' lang='grc' dir='ltr'><em>χειρὸς</em></span> <span class='ocrx_word' id='word_1_90' title='bbox 660 1362 838 1448; x_wconf 73' lang='grc' dir='ltr'><em>μάχεσθαι.</em></span> <span class='ocrx_word' id='word_1_91' title='bbox 874 1367 1190 1430; x_wconf 88' lang='lat' dir='ltr'>Animadvertendae</span> <span class='ocrx_word' id='word_1_92' title='bbox 1210 1375 1285 1428; x_wconf 86' lang='lat' dir='ltr'>sunt</span> <span class='ocrx_word' id='word_1_93' title='bbox 1306 1366 1404 1427; x_wconf 88' lang='lat' dir='ltr'>etiam</span> 
     </span>
     <span class='ocr_line' id='line_1_10' title="bbox 142 1463 1404 1556; baseline 0.001 -26"><span class='ocrx_word' id='word_1_94' title='bbox 142 1469 333 1532; x_wconf 83' lang='lat' dir='ltr'>notissimae</span> <span class='ocrx_word' id='word_1_95' title='bbox 355 1470 427 1532; x_wconf 86' lang='lat' dir='ltr'>illae</span> <span class='ocrx_word' id='word_1_96' title='bbox 451 1469 623 1533; x_wconf 86' lang='lat' dir='ltr'>formulae:</span> <span class='ocrx_word' id='word_1_97' title='bbox 654 1474 765 1555; x_wconf 79' lang='grc' dir='ltr'><em>χεῖρας</em></span> <span class='ocrx_word' id='word_1_98' title='bbox 794 1463 984 1542; x_wconf 77' lang='grc' dir='ltr'>συνάπτειν,</span> <span class='ocrx_word' id='word_1_99' title='bbox 1014 1465 1061 1550; x_wconf 77' lang='grc' dir='ltr'>εἰς</span> <span class='ocrx_word' id='word_1_100' title='bbox 1089 1474 1201 1556; x_wconf 79' lang='grc' dir='ltr'><em>χεῖρας</em></span> <span class='ocrx_word' id='word_1_101' title='bbox 1223 1465 1326 1551; x_wconf 83' lang='grc' dir='ltr'>ἰέναι;</span> <span class='ocrx_word' id='word_1_102' title='bbox 1349 1469 1404 1550; x_wconf 91' lang='lat' dir='ltr'>qui</span> 
     </span>
     <span class='ocr_line' id='line_1_11' title="bbox 142 1568 1405 1660; baseline 0.003 -26"><span class='ocrx_word' id='word_1_103' title='bbox 142 1593 268 1654; x_wconf 91' lang='lat' dir='ltr'>pronus</span> <span class='ocrx_word' id='word_1_104' title='bbox 297 1585 346 1637; x_wconf 88' lang='lat' dir='ltr'>est</span> <span class='ocrx_word' id='word_1_105' title='bbox 375 1578 417 1639; x_wconf 91' lang='lat' dir='ltr'>ad</span> <span class='ocrx_word' id='word_1_106' title='bbox 446 1577 534 1638; x_wconf 88' lang='lat' dir='ltr'>rixas</span> <span class='ocrx_word' id='word_1_107' title='bbox 564 1568 690 1660; x_wconf 80' lang='grc' dir='ltr'><em>ὀξύχειρ</em></span> <span class='ocrx_word' id='word_1_108' title='bbox 717 1587 851 1640; x_wconf 89' lang='lat' dir='ltr'>vocatur</span> <span class='ocrx_word' id='word_1_109' title='bbox 880 1577 959 1658; x_wconf 91' lang='lat' dir='ltr'>Lys.</span> <span class='ocrx_word' id='word_1_110' title='bbox 988 1577 1037 1639; x_wconf 95' lang='lat' dir='ltr'>IV</span> <span class='ocrx_word' id='word_1_111' title='bbox 1061 1579 1097 1654; x_wconf 79' lang='lat'>83</span> <span class='ocrx_word' id='word_1_112' title='bbox 1129 1579 1182 1659; x_wconf 91' lang='lat' dir='ltr'>qui</span> <span class='ocrx_word' id='word_1_113' title='bbox 1212 1576 1321 1656; x_wconf 88' lang='lat' dir='ltr'>incipit</span> <span class='ocrx_word' id='word_1_114' title='bbox 1350 1594 1405 1638; x_wconf 87' lang='lat' dir='ltr'>eas</span> 
     </span>
     <span class='ocr_line' id='line_1_12' title="bbox 142 1676 1404 1766; baseline 0.002 -27"><span class='ocrx_word' id='word_1_115' title='bbox 142 1686 178 1740; x_wconf 89' lang='lat' dir='ltr'>et</span> <span class='ocrx_word' id='word_1_116' title='bbox 208 1678 239 1740; x_wconf 92' lang='lat' dir='ltr'>in</span> <span class='ocrx_word' id='word_1_117' title='bbox 270 1678 387 1743; x_wconf 83' lang='lat' dir='ltr'>sorensi</span> <span class='ocrx_word' id='word_1_118' title='bbox 416 1702 474 1743; x_wconf 91' lang='lat' dir='ltr'>usu</span> <span class='ocrx_word' id='word_1_119' title='bbox 498 1690 531 1744; x_wconf 89' lang='lat' dir='ltr'>et</span> <span class='ocrx_word' id='word_1_120' title='bbox 552 1683 583 1743; x_wconf 90' lang='lat' dir='ltr'>in</span> <span class='ocrx_word' id='word_1_121' title='bbox 604 1682 766 1744; x_wconf 89' lang='lat' dir='ltr'>cotidiano</span> <span class='ocrx_word' id='word_1_122' title='bbox 789 1703 939 1745; x_wconf 89' lang='lat' dir='ltr'>sermone</span> <span class='ocrx_word' id='word_1_123' title='bbox 961 1683 1088 1746; x_wconf 91' lang='lat' dir='ltr'>dicitur:</span> <span class='ocrx_word' id='word_1_124' title='bbox 1119 1676 1226 1766; x_wconf 75' lang='grc' dir='ltr'><em>ἅρχων</em></span> <span class='ocrx_word' id='word_1_125' title='bbox 1252 1682 1404 1764; x_wconf 84' lang='grc' dir='ltr'><em>χειρῶν</em></span> 
     </span>
     <span class='ocr_line' id='line_1_13' title="bbox 143 1772 1404 1869; baseline 0.003 -23"><span class='ocrx_word' id='word_1_126' title='bbox 143 1772 273 1848; x_wconf 77' lang='grc' dir='ltr'><strong><em>ἀδίκων</em></strong></span> <span class='ocrx_word' id='word_1_127' title='bbox 301 1786 435 1869; x_wconf 88' lang='lat' dir='ltr'>Antiph.</span> <span class='ocrx_word' id='word_1_128' title='bbox 464 1793 501 1851; x_wconf 91' lang='grc' dir='ltr'>Γ.</span> <span class='ocrx_word' id='word_1_129' title='bbox 531 1790 563 1869; x_wconf 79' lang='grc' dir='ltr'>β.</span> <span class='ocrx_word' id='word_1_130' title='bbox 598 1803 623 1861; x_wconf 88' lang='lat'>1,</span> <span class='ocrx_word' id='word_1_131' title='bbox 655 1803 683 1862; x_wconf 86' lang='lat'>2,</span> <span class='ocrx_word' id='word_1_132' title='bbox 713 1787 743 1853; x_wconf 91' lang='lat'>6.</span> <span class='ocrx_word' id='word_1_133' title='bbox 798 1787 877 1867; x_wconf 86' lang='lat' dir='ltr'>Lys.</span> <span class='ocrx_word' id='word_1_134' title='bbox 905 1788 954 1850; x_wconf 89' lang='lat' dir='ltr'>IV</span> <span class='ocrx_word' id='word_1_135' title='bbox 987 1805 1033 1852; x_wconf 90' lang='lat'>11.</span> <span class='ocrx_word' id='word_1_136' title='bbox 1086 1789 1181 1851; x_wconf 91' lang='lat' dir='ltr'>Dem.</span> <span class='ocrx_word' id='word_1_137' title='bbox 1212 1785 1322 1848; x_wconf 92' lang='lat' dir='ltr'>XXIII</span> <span class='ocrx_word' id='word_1_138' title='bbox 1355 1800 1404 1863; x_wconf 86' lang='lat'>50.</span> 
     </span>
     <span class='ocr_line' id='line_1_14' title="bbox 143 1877 1404 1974; baseline 0.001 -24"><span class='ocrx_word' id='word_1_139' title='bbox 143 1887 239 1952; x_wconf 88' lang='lat' dir='ltr'>Plato</span> <span class='ocrx_word' id='word_1_140' title='bbox 260 1891 322 1970; x_wconf 88' lang='lat' dir='ltr'>leg.</span> <span class='ocrx_word' id='word_1_141' title='bbox 338 1892 386 1956; x_wconf 94' lang='lat' dir='ltr'>IX</span> <span class='ocrx_word' id='word_1_142' title='bbox 401 1894 463 1974; x_wconf 88' lang='lat'>869</span> <span class='ocrx_word' id='word_1_143' title='bbox 478 1915 505 1956; x_wconf 89' lang='lat' dir='ltr'>c.</span> <span class='ocrx_word' id='word_1_144' title='bbox 542 1892 597 1956; x_wconf 83' lang='lat' dir='ltr'>cfr.</span> <span class='ocrx_word' id='word_1_145' title='bbox 614 1892 768 1968; x_wconf 68' lang='lat' dir='ltr'>Mitzner,</span> <span class='ocrx_word' id='word_1_146' title='bbox 792 1893 870 1960; x_wconf 88' lang='lat' dir='ltr'>Ant.</span> <span class='ocrx_word' id='word_1_147' title='bbox 892 1894 965 1971; x_wconf 84' lang='lat'>184:</span> <span class='ocrx_word' id='word_1_148' title='bbox 988 1895 1042 1974; x_wconf 92' lang='lat' dir='ltr'>qui</span> <span class='ocrx_word' id='word_1_149' title='bbox 1065 1903 1197 1956; x_wconf 88' lang='lat' dir='ltr'>cruenta</span> <span class='ocrx_word' id='word_1_150' title='bbox 1217 1892 1314 1955; x_wconf 89' lang='lat' dir='ltr'>caede</span> <span class='ocrx_word' id='word_1_151' title='bbox 1336 1877 1404 1972; x_wconf 85' lang='lat' dir='ltr'>per-</span> 
     </span>
     <span class='ocr_line' id='line_1_15' title="bbox 144 1991 1404 2081; baseline 0 -25"><span class='ocrx_word' id='word_1_152' title='bbox 144 1996 246 2058; x_wconf 90' lang='lat' dir='ltr'>cussit</span> <span class='ocrx_word' id='word_1_153' title='bbox 267 1997 403 2061; x_wconf 88' lang='lat' dir='ltr'>alterum</span> <span class='ocrx_word' id='word_1_154' title='bbox 422 1999 559 2062; x_wconf 89' lang='lat' dir='ltr'>habetur</span> <span class='ocrx_word' id='word_1_155' title='bbox 578 1994 616 2064; x_wconf 82' lang='grc' dir='ltr'>οὐ</span> <span class='ocrx_word' id='word_1_156' title='bbox 638 1991 787 2081; x_wconf 74' lang='grc' dir='ltr'><em>καθαρός</em></span> <span class='ocrx_word' id='word_1_157' title='bbox 807 1992 866 2075; x_wconf 81' lang='grc' dir='ltr'>τὰς</span> <span class='ocrx_word' id='word_1_158' title='bbox 886 2000 1041 2080; x_wconf 85' lang='grc' dir='ltr'><em>χεῖρας.</em></span> <span class='ocrx_word' id='word_1_159' title='bbox 1080 1997 1216 2079; x_wconf 83' lang='lat' dir='ltr'>Antiph.</span> <span class='ocrx_word' id='word_1_160' title='bbox 1232 1997 1265 2058; x_wconf 92' lang='lat' dir='ltr'>V</span> <span class='ocrx_word' id='word_1_161' title='bbox 1285 2012 1331 2070; x_wconf 86' lang='lat'>11,</span> <span class='ocrx_word' id='word_1_162' title='bbox 1354 1999 1404 2058; x_wconf 87' lang='lat'>82.</span> 
     </span>
     <span class='ocr_line' id='line_1_16' title="bbox 144 2091 1405 2186; baseline 0.002 -26"><span class='ocrx_word' id='word_1_163' title='bbox 144 2099 267 2170; x_wconf 88' lang='lat' dir='ltr'>Aesch.</span> <span class='ocrx_word' id='word_1_164' title='bbox 297 2103 326 2166; x_wconf 94' lang='lat' dir='ltr'>II</span> <span class='ocrx_word' id='word_1_165' title='bbox 360 2105 418 2182; x_wconf 87' lang='lat'>148</span> <span class='ocrx_word' id='word_1_166' title='bbox 447 2105 579 2186; x_wconf 91' lang='lat' dir='ltr'>propria</span> <span class='ocrx_word' id='word_1_167' title='bbox 608 2105 639 2166; x_wconf 91' lang='lat' dir='ltr'>vi</span> <span class='ocrx_word' id='word_1_168' title='bbox 667 2105 730 2167; x_wconf 90' lang='lat' dir='ltr'>hoc</span> <span class='ocrx_word' id='word_1_169' title='bbox 763 2103 1013 2184; x_wconf 83' lang='lat' dir='ltr'>intellegendum</span> <span class='ocrx_word' id='word_1_170' title='bbox 1032 2091 1038 2166; x_wconf 73' lang='grc' dir='ltr'>ἐ</span> <span class='ocrx_word' id='word_1_171' title='bbox 1059 2105 1214 2184; x_wconf 82' lang='lat' dir='ltr'>sanguine</span> <span class='ocrx_word' id='word_1_172' title='bbox 1242 2103 1326 2165; x_wconf 92' lang='lat' dir='ltr'>enim</span> <span class='ocrx_word' id='word_1_173' title='bbox 1360 2103 1405 2163; x_wconf 92' lang='lat' dir='ltr'>in·</span> 
     </span>
     <span class='ocr_line' id='line_1_17' title="bbox 144 2205 1407 2292; baseline 0.005 -26"><span class='ocrx_word' id='word_1_174' title='bbox 144 2209 298 2288; x_wconf 90' lang='lat' dir='ltr'>terempti</span> <span class='ocrx_word' id='word_1_175' title='bbox 325 2211 507 2292; x_wconf 80' lang='lat' dir='ltr'>inquinatae</span> <span class='ocrx_word' id='word_1_176' title='bbox 535 2221 609 2273; x_wconf 89' lang='lat' dir='ltr'>sunt</span> <span class='ocrx_word' id='word_1_177' title='bbox 633 2210 830 2292; x_wconf 89' lang='lat' dir='ltr'>percussoris</span> <span class='ocrx_word' id='word_1_178' title='bbox 859 2229 971 2270; x_wconf 85' lang='lat' dir='ltr'>manus</span> <span class='ocrx_word' id='word_1_179' title='bbox 980 2209 1015 2292; x_wconf 84' lang='lat'>²).</span> <span class='ocrx_word' id='word_1_180' title='bbox 1060 2209 1218 2289; x_wconf 89' lang='lat' dir='ltr'>Denique,</span> <span class='ocrx_word' id='word_1_181' title='bbox 1248 2209 1302 2288; x_wconf 88' lang='lat' dir='ltr'>qui</span> <span class='ocrx_word' id='word_1_182' title='bbox 1321 2205 1407 2291; x_wconf 83' lang='grc' dir='ltr'><em>χειρὶ</em></span> 
     </span>
     <span class='ocr_line' id='line_1_18' title="bbox 144 2311 1404 2386; baseline 0.001 -13"><span class='ocrx_word' id='word_1_183' title='bbox 144 2311 252 2386; x_wconf 90' lang='lat' dir='ltr'>utitur,</span> <span class='ocrx_word' id='word_1_184' title='bbox 276 2314 444 2378; x_wconf 84' lang='lat' dir='ltr'>manifesta</span> <span class='ocrx_word' id='word_1_185' title='bbox 466 2316 497 2377; x_wconf 91' lang='lat' dir='ltr'>vi</span> <span class='ocrx_word' id='word_1_186' title='bbox 516 2315 632 2378; x_wconf 91' lang='lat' dir='ltr'>occidit</span> <span class='ocrx_word' id='word_1_187' title='bbox 654 2325 709 2378; x_wconf 92' lang='lat' dir='ltr'>aut</span> <span class='ocrx_word' id='word_1_188' title='bbox 731 2315 823 2377; x_wconf 91' lang='lat' dir='ltr'>nudis</span> <span class='ocrx_word' id='word_1_189' title='bbox 845 2314 992 2378; x_wconf 86' lang='lat' dir='ltr'>manibus</span> <span class='ocrx_word' id='word_1_190' title='bbox 1013 2322 1069 2377; x_wconf 87' lang='lat' dir='ltr'>aut</span> <span class='ocrx_word' id='word_1_191' title='bbox 1086 2315 1217 2376; x_wconf 89' lang='lat' dir='ltr'>armatis</span> <span class='ocrx_word' id='word_1_192' title='bbox 1240 2315 1307 2376; x_wconf 91' lang='lat' dir='ltr'>sive</span> <span class='ocrx_word' id='word_1_193' title='bbox 1329 2312 1404 2375; x_wconf 87' lang='lat' dir='ltr'>fusti</span> 
     </span>
     <span class='ocr_line' id='line_1_19' title="bbox 145 2417 794 2503; baseline 0.009 -26"><span class='ocrx_word' id='word_1_194' title='bbox 145 2417 214 2478; x_wconf 89' lang='lat' dir='ltr'>sive</span> <span class='ocrx_word' id='word_1_195' title='bbox 237 2417 342 2499; x_wconf 89' lang='lat' dir='ltr'>lapide</span> <span class='ocrx_word' id='word_1_196' title='bbox 365 2422 431 2484; x_wconf 89' lang='lat' dir='ltr'>sive</span> <span class='ocrx_word' id='word_1_197' title='bbox 454 2420 519 2483; x_wconf 90' lang='lat' dir='ltr'>telo</span> <span class='ocrx_word' id='word_1_198' title='bbox 540 2421 689 2502; x_wconf 81' lang='lat' dir='ltr'>gladiove</span> <span class='ocrx_word' id='word_1_199' title='bbox 698 2421 731 2503; x_wconf 84' lang='lat'>³).</span> <span class='ocrx_word' id='word_1_200' title='bbox 751 2456 794 2464; x_wconf 90' lang='lat'><em>-</em></span> 
     </span>
    </p>

    <p class='ocr_par' dir='ltr' id='par_1_3' title="bbox 141 2521 1409 3660">
     <span class='ocr_line' id='line_1_20' title="bbox 232 2521 1405 2589; baseline 0 -3"><span class='ocrx_word' id='word_1_201' title='bbox 232 2521 343 2587; x_wconf 93' lang='lat' dir='ltr'>Unum</span> <span class='ocrx_word' id='word_1_202' title='bbox 380 2527 523 2588; x_wconf 89' lang='lat' dir='ltr'>eiusdem</span> <span class='ocrx_word' id='word_1_203' title='bbox 560 2527 604 2589; x_wconf 87' lang='lat' dir='ltr'>rei</span> <span class='ocrx_word' id='word_1_204' title='bbox 633 2525 852 2588; x_wconf 90' lang='lat' dir='ltr'>testimonium</span> <span class='ocrx_word' id='word_1_205' title='bbox 887 2545 1028 2588; x_wconf 85' lang='lat' dir='ltr'>asseram</span> <span class='ocrx_word' id='word_1_206' title='bbox 1067 2545 1084 2585; x_wconf 90' lang='lat' dir='ltr'>e</span> <span class='ocrx_word' id='word_1_207' title='bbox 1121 2525 1219 2586; x_wconf 87' lang='lat' dir='ltr'>latino</span> <span class='ocrx_word' id='word_1_208' title='bbox 1255 2543 1405 2586; x_wconf 90' lang='lat' dir='ltr'>sermone</span> 
     </span>
     <span class='ocr_line' id='line_1_21' title="bbox 145 2627 1404 2712; baseline 0.001 -23"><span class='ocrx_word' id='word_1_209' title='bbox 145 2627 198 2690; x_wconf 87' lang='lat' dir='ltr'>vel</span> <span class='ocrx_word' id='word_1_210' title='bbox 230 2631 338 2710; x_wconf 92' lang='lat' dir='ltr'>potius</span> <span class='ocrx_word' id='word_1_211' title='bbox 373 2653 392 2693; x_wconf 90' lang='lat' dir='ltr'>e</span> <span class='ocrx_word' id='word_1_212' title='bbox 422 2635 487 2694; x_wconf 92' lang='lat' dir='ltr'>iure</span> <span class='ocrx_word' id='word_1_213' title='bbox 522 2652 672 2694; x_wconf 88' lang='lat' dir='ltr'>romano:</span> <span class='ocrx_word' id='word_1_214' title='bbox 703 2631 753 2710; x_wconf 82' lang='lat' dir='ltr'>(L.</span> <span class='ocrx_word' id='word_1_215' title='bbox 787 2645 821 2710; x_wconf 85' lang='lat'>51</span> <span class='ocrx_word' id='word_1_216' title='bbox 856 2651 904 2712; x_wconf 86' lang='lat' dir='ltr'>pr.</span> <span class='ocrx_word' id='word_1_217' title='bbox 931 2631 1005 2710; x_wconf 80' lang='lat' dir='ltr'>Dig.</span> <span class='ocrx_word' id='word_1_218' title='bbox 1034 2629 1076 2691; x_wconf 87' lang='lat' dir='ltr'>ad</span> <span class='ocrx_word' id='word_1_219' title='bbox 1104 2628 1125 2696; x_wconf 80' lang='lat' dir='ltr'>l,</span> <span class='ocrx_word' id='word_1_220' title='bbox 1155 2629 1265 2711; x_wconf 89' lang='lat' dir='ltr'>Aquil.</span> <span class='ocrx_word' id='word_1_221' title='bbox 1292 2629 1341 2690; x_wconf 88' lang='lat' dir='ltr'>IX</span> <span class='ocrx_word' id='word_1_222' title='bbox 1372 2630 1404 2712; x_wconf 89' lang='lat'>2)</span> 
     </span>
     <span class='ocr_line' id='line_1_22' title="bbox 141 2732 1404 2817; baseline 0.002 -23"><span class='ocrx_word' id='word_1_223' title='bbox 141 2732 299 2812; x_wconf 87' lang='lat' dir='ltr'>Julianus:</span> <span class='ocrx_word' id='word_1_224' title='bbox 337 2737 509 2798; x_wconf 72' lang='lat' dir='ltr'>»occidisse</span> <span class='ocrx_word' id='word_1_225' title='bbox 531 2737 651 2799; x_wconf 84' lang='lat' dir='ltr'>dicitur</span> <span class='ocrx_word' id='word_1_226' title='bbox 672 2737 764 2816; x_wconf 83' lang='lat' dir='ltr'><em>vulgo</em></span> <span class='ocrx_word' id='word_1_227' title='bbox 788 2737 925 2817; x_wconf 85' lang='lat' dir='ltr'>quidem,</span> <span class='ocrx_word' id='word_1_228' title='bbox 956 2737 1014 2816; x_wconf 86' lang='lat' dir='ltr'>qui</span> <span class='ocrx_word' id='word_1_229' title='bbox 1033 2734 1149 2796; x_wconf 82' lang='lat' dir='ltr'>mortis</span> <span class='ocrx_word' id='word_1_230' title='bbox 1172 2755 1305 2796; x_wconf 84' lang='lat' dir='ltr'>causam</span> <span class='ocrx_word' id='word_1_231' title='bbox 1327 2754 1404 2816; x_wconf 82' lang='lat' dir='ltr'><em>quo-</em></span> 
     </span>
     <span class='ocr_line' id='line_1_23' title="bbox 142 2839 1409 2923; baseline -0.001 -23"><span class='ocrx_word' id='word_1_232' title='bbox 142 2839 245 2901; x_wconf 70' lang='lat' dir='ltr'>&#39;rlibet</span> <span class='ocrx_word' id='word_1_233' title='bbox 263 2842 356 2904; x_wconf 81' lang='lat' dir='ltr'>modo</span> <span class='ocrx_word' id='word_1_234' title='bbox 370 2842 534 2923; x_wconf 82' lang='lat' dir='ltr'>praebuit,</span> <span class='ocrx_word' id='word_1_235' title='bbox 558 2842 620 2904; x_wconf 88' lang='lat' dir='ltr'>sed</span> <span class='ocrx_word' id='word_1_236' title='bbox 638 2842 658 2903; x_wconf 91' lang='lat' dir='ltr'>l.</span> <span class='ocrx_word' id='word_1_237' title='bbox 681 2841 816 2922; x_wconf 81' lang='lat' dir='ltr'>Aquilia</span> <span class='ocrx_word' id='word_1_238' title='bbox 838 2843 869 2904; x_wconf 88' lang='lat' dir='ltr'>is</span> <span class='ocrx_word' id='word_1_239' title='bbox 890 2842 1019 2904; x_wconf 84' lang='lat' dir='ltr'>demum</span> <span class='ocrx_word' id='word_1_240' title='bbox 1042 2841 1146 2903; x_wconf 87' lang='lat' dir='ltr'>teneri</span> <span class='ocrx_word' id='word_1_241' title='bbox 1166 2841 1258 2902; x_wconf 82' lang='lat' dir='ltr'>ve&#39;sus</span> <span class='ocrx_word' id='word_1_242' title='bbox 1272 2850 1327 2915; x_wconf 86' lang='lat' dir='ltr'>est,</span> <span class='ocrx_word' id='word_1_243' title='bbox 1349 2839 1409 2920; x_wconf 85' lang='lat' dir='ltr'>qui</span> 
     </span>
     <span class='ocr_line' id='line_1_24' title="bbox 152 2944 1401 3029; baseline 0 -24"><span class='ocrx_word' id='word_1_244' title='bbox 152 2944 319 3008; x_wconf 69' lang='lat' dir='ltr'>»adhibita</span> <span class='ocrx_word' id='word_1_245' title='bbox 348 2947 384 3009; x_wconf 84' lang='lat' dir='ltr'>vi</span> <span class='ocrx_word' id='word_1_246' title='bbox 410 2957 443 3009; x_wconf 91' lang='lat' dir='ltr'>et</span> <span class='ocrx_word' id='word_1_247' title='bbox 469 2954 595 3029; x_wconf 81' lang='lat' dir='ltr'>quast</span> <span class='ocrx_word' id='word_1_248' title='bbox 620 2968 738 3010; x_wconf 81' lang='lat' dir='ltr'>manu</span> <span class='ocrx_word' id='word_1_249' title='bbox 767 2968 900 3010; x_wconf 81' lang='lat' dir='ltr'>causam</span> <span class='ocrx_word' id='word_1_250' title='bbox 932 2947 1047 3008; x_wconf 82' lang='lat' dir='ltr'>mortis</span> <span class='ocrx_word' id='word_1_251' title='bbox 1067 2945 1277 3027; x_wconf 81' lang='lat' dir='ltr'>praebuisset</span> <span class='ocrx_word' id='word_1_252' title='bbox 1296 2953 1401 3006; x_wconf 85' lang='lat' dir='ltr'>tracta</span> 
     </span>
     <span class='ocr_line' id='line_1_25' title="bbox 152 3048 1405 3134; baseline 0 -24"><span class='ocrx_word' id='word_1_253' title='bbox 152 3050 322 3114; x_wconf 72' lang='lat' dir='ltr'>»videlieet</span> <span class='ocrx_word' id='word_1_254' title='bbox 347 3053 607 3134; x_wconf 79' lang='lat' dir='ltr'>interpretatione</span> <span class='ocrx_word' id='word_1_255' title='bbox 636 3053 722 3115; x_wconf 83' lang='lat' dir='ltr'>vocis</span> <span class='ocrx_word' id='word_1_256' title='bbox 744 3073 765 3114; x_wconf 87' lang='lat' dir='ltr'>a</span> <span class='ocrx_word' id='word_1_257' title='bbox 788 3053 947 3115; x_wconf 82' lang='lat' dir='ltr'>caedendo</span> <span class='ocrx_word' id='word_1_258' title='bbox 967 3061 1000 3114; x_wconf 89' lang='lat' dir='ltr'>et</span> <span class='ocrx_word' id='word_1_259' title='bbox 1017 3072 1038 3112; x_wconf 88' lang='lat' dir='ltr'>a</span> <span class='ocrx_word' id='word_1_260' title='bbox 1061 3051 1173 3113; x_wconf 77' lang='lat' dir='ltr'>caede«</span> <span class='ocrx_word' id='word_1_261' title='bbox 1200 3048 1265 3132; x_wconf 85' lang='lat' dir='ltr'>(cfr.</span> <span class='ocrx_word' id='word_1_262' title='bbox 1287 3050 1405 3112; x_wconf 87' lang='lat' dir='ltr'>Festus</span> 
     </span>
     <span class='ocr_line' id='line_1_26' title="bbox 148 3157 1401 3240; baseline -0.004 -24"><span class='ocrx_word' id='word_1_263' title='bbox 148 3173 174 3219; x_wconf 79' lang='lat' dir='ltr'>s,</span> <span class='ocrx_word' id='word_1_264' title='bbox 197 3175 227 3218; x_wconf 89' lang='lat' dir='ltr'>v.</span> <span class='ocrx_word' id='word_1_265' title='bbox 250 3159 413 3238; x_wconf 88' lang='lat' dir='ltr'>occisum).</span> <span class='ocrx_word' id='word_1_266' title='bbox 451 3157 541 3238; x_wconf 86' lang='lat' dir='ltr'>Ergo</span> <span class='ocrx_word' id='word_1_267' title='bbox 562 3159 647 3240; x_wconf 86' lang='lat' dir='ltr'>apud</span> <span class='ocrx_word' id='word_1_268' title='bbox 663 3179 720 3221; x_wconf 91' lang='lat' dir='ltr'>eos</span> <span class='ocrx_word' id='word_1_269' title='bbox 736 3177 866 3240; x_wconf 86' lang='lat' dir='ltr'>quoque</span> <span class='ocrx_word' id='word_1_270' title='bbox 881 3167 1012 3220; x_wconf 86' lang='lat' dir='ltr'>cruenta</span> <span class='ocrx_word' id='word_1_271' title='bbox 1027 3157 1143 3218; x_wconf 87' lang='lat' dir='ltr'>caedes</span> <span class='ocrx_word' id='word_1_272' title='bbox 1159 3175 1217 3238; x_wconf 87' lang='lat' dir='ltr'>per</span> <span class='ocrx_word' id='word_1_273' title='bbox 1235 3174 1401 3216; x_wconf 80' lang='lat' dir='ltr'>›manum‹</span> 
     </span>
     <span class='ocr_line' id='line_1_27' title="bbox 147 3257 1405 3345; baseline -0.001 -25"><span class='ocrx_word' id='word_1_274' title='bbox 147 3258 314 3336; x_wconf 86' lang='lat' dir='ltr'>indicatur,</span> <span class='ocrx_word' id='word_1_275' title='bbox 344 3273 379 3325; x_wconf 93' lang='lat' dir='ltr'>ut</span> <span class='ocrx_word' id='word_1_276' title='bbox 408 3283 467 3344; x_wconf 91' lang='lat' dir='ltr'>par</span> <span class='ocrx_word' id='word_1_277' title='bbox 497 3274 547 3326; x_wconf 93' lang='lat' dir='ltr'>est</span> <span class='ocrx_word' id='word_1_278' title='bbox 575 3264 661 3345; x_wconf 91' lang='lat' dir='ltr'>apud</span> <span class='ocrx_word' id='word_1_279' title='bbox 690 3284 803 3327; x_wconf 90' lang='lat' dir='ltr'>omnes</span> <span class='ocrx_word' id='word_1_280' title='bbox 832 3264 886 3345; x_wconf 93' lang='lat' dir='ltr'>qui</span> <span class='ocrx_word' id='word_1_281' title='bbox 915 3261 1106 3342; x_wconf 85' lang='lat' dir='ltr'>imaginibus</span> <span class='ocrx_word' id='word_1_282' title='bbox 1133 3281 1150 3322; x_wconf 90' lang='lat' dir='ltr'>e</span> <span class='ocrx_word' id='word_1_283' title='bbox 1174 3280 1279 3322; x_wconf 90' lang='lat' dir='ltr'>rerum</span> <span class='ocrx_word' id='word_1_284' title='bbox 1300 3257 1405 3321; x_wconf 92' lang='lat' dir='ltr'>simili·</span> 
     </span>
     <span class='ocr_line' id='line_1_28' title="bbox 147 3364 1405 3447; baseline -0.002 -21"><span class='ocrx_word' id='word_1_285' title='bbox 147 3365 257 3428; x_wconf 89' lang='lat' dir='ltr'>tudine</span> <span class='ocrx_word' id='word_1_286' title='bbox 285 3367 430 3431; x_wconf 87' lang='lat' dir='ltr'>deductis</span> <span class='ocrx_word' id='word_1_287' title='bbox 457 3369 672 3432; x_wconf 85' lang='lat' dir='ltr'>narrationem</span> <span class='ocrx_word' id='word_1_288' title='bbox 701 3368 858 3432; x_wconf 89' lang='lat' dir='ltr'>illustrare</span> <span class='ocrx_word' id='word_1_289' title='bbox 883 3369 1022 3432; x_wconf 89' lang='lat' dir='ltr'>student.</span> <span class='ocrx_word' id='word_1_290' title='bbox 1067 3365 1173 3447; x_wconf 85' lang='lat' dir='ltr'>Quam</span> <span class='ocrx_word' id='word_1_291' title='bbox 1196 3365 1352 3427; x_wconf 89' lang='lat' dir='ltr'>illustrem</span> <span class='ocrx_word' id='word_1_292' title='bbox 1373 3364 1405 3425; x_wconf 89' lang='lat' dir='ltr'>in</span> 
     </span>
     <span class='ocr_line' id='line_1_29' title="bbox 146 3469 1406 3554; baseline -0.003 -21"><span class='ocrx_word' id='word_1_293' title='bbox 146 3471 209 3535; x_wconf 89' lang='lat' dir='ltr'>hac</span> <span class='ocrx_word' id='word_1_294' title='bbox 240 3473 420 3554; x_wconf 90' lang='lat' dir='ltr'>symbolica</span> <span class='ocrx_word' id='word_1_295' title='bbox 449 3475 587 3538; x_wconf 89' lang='lat' dir='ltr'>dictione</span> <span class='ocrx_word' id='word_1_296' title='bbox 617 3475 725 3538; x_wconf 89' lang='lat' dir='ltr'>locum</span> <span class='ocrx_word' id='word_1_297' title='bbox 758 3494 907 3536; x_wconf 74' lang='lat' dir='ltr'>»manus«</span> <span class='ocrx_word' id='word_1_298' title='bbox 937 3473 1089 3546; x_wconf 88' lang='lat' dir='ltr'>obtineat,</span> <span class='ocrx_word' id='word_1_299' title='bbox 1120 3471 1249 3552; x_wconf 85' lang='lat' dir='ltr'>egregie</span> <span class='ocrx_word' id='word_1_300' title='bbox 1271 3469 1406 3550; x_wconf 90' lang='lat' dir='ltr'>exponit</span> 
     </span>
     <span class='ocr_line' id='line_1_30' title="bbox 146 3577 439 3660; baseline -0.007 -20"><span class='ocrx_word' id='word_1_301' title='bbox 146 3577 188 3642; x_wconf 91' lang='lat' dir='ltr'>R.</span> <span class='ocrx_word' id='word_1_302' title='bbox 210 3577 252 3640; x_wconf 90' lang='lat' dir='ltr'>de</span> <span class='ocrx_word' id='word_1_303' title='bbox 269 3577 439 3660; x_wconf 77' lang='lat' dir='ltr'>Jhering4).</span> 
     </span>
    </p>

    <p class='ocr_par' dir='ltr' id='par_1_4' title="bbox 234 3679 1406 3762">
     <span class='ocr_line' id='line_1_31' title="bbox 234 3679 1406 3762; baseline -0.003 -18"><span class='ocrx_word' id='word_1_304' title='bbox 234 3683 330 3745; x_wconf 89' lang='lat' dir='ltr'>Mitto</span> <span class='ocrx_word' id='word_1_305' title='bbox 352 3684 430 3762; x_wconf 94' lang='lat' dir='ltr'>hoc;</span> <span class='ocrx_word' id='word_1_306' title='bbox 453 3686 494 3748; x_wconf 86' lang='lat' dir='ltr'>ad</span> <span class='ocrx_word' id='word_1_307' title='bbox 517 3684 659 3748; x_wconf 87' lang='lat' dir='ltr'>Graecos</span> <span class='ocrx_word' id='word_1_308' title='bbox 677 3696 882 3750; x_wconf 85' lang='lat' dir='ltr'>revertamur.</span> <span class='ocrx_word' id='word_1_309' title='bbox 918 3683 974 3745; x_wconf 89' lang='lat' dir='ltr'>Ad</span> <span class='ocrx_word' id='word_1_310' title='bbox 989 3682 1124 3744; x_wconf 89' lang='lat' dir='ltr'>eandem</span> <span class='ocrx_word' id='word_1_311' title='bbox 1139 3700 1236 3761; x_wconf 89' lang='lat' dir='ltr'>quam</span> <span class='ocrx_word' id='word_1_312' title='bbox 1254 3679 1406 3742; x_wconf 92' lang='lat' dir='ltr'>evicimus</span> 
     </span>
    </p>
   </div>
   <div class='ocr_carea' id='block_1_3' title="bbox 146 3783 1406 3875">
    <p class='ocr_par' dir='ltr' id='par_1_5' title="bbox 146 3783 1406 3875">
     <span class='ocr_line' id='line_1_32' title="bbox 146 3783 1406 3875; baseline -0.003 -26"><span class='ocrx_word' id='word_1_313' title='bbox 146 3790 212 3850; x_wconf 86' lang='lat' dir='ltr'>iam</span> <span class='ocrx_word' id='word_1_314' title='bbox 243 3789 408 3851; x_wconf 91' lang='lat' dir='ltr'>notionem</span> <span class='ocrx_word' id='word_1_315' title='bbox 436 3790 525 3853; x_wconf 87' lang='lat' dir='ltr'>verbi</span> <span class='ocrx_word' id='word_1_316' title='bbox 553 3790 639 3875; x_wconf 80' lang='grc' dir='ltr'><em>χειρὶ</em></span> <span class='ocrx_word' id='word_1_317' title='bbox 669 3787 846 3875; x_wconf 75' lang='grc' dir='ltr'><em>ἐργάζομαι</em></span> <span class='ocrx_word' id='word_1_318' title='bbox 854 3838 863 3870; x_wconf 91' lang='grc'><strong>,</strong></span> <span class='ocrx_word' id='word_1_319' title='bbox 900 3789 1086 3852; x_wconf 82' lang='lat' dir='ltr'>deducImur</span> <span class='ocrx_word' id='word_1_320' title='bbox 1113 3806 1244 3868; x_wconf 89' lang='lat' dir='ltr'>prorsus</span> <span class='ocrx_word' id='word_1_321' title='bbox 1272 3806 1315 3847; x_wconf 86' lang='lat' dir='ltr'>ex</span> <span class='ocrx_word' id='word_1_322' title='bbox 1344 3783 1406 3846; x_wconf 85' lang='lat' dir='ltr'>alia</span> 
     </span>
    </p>
   </div>
   <div class='ocr_carea' id='block_1_4' title="bbox 145 4020 1406 4442">
    <p class='ocr_par' dir='ltr' id='par_1_6' title="bbox 235 4020 484 4088">
     <span class='ocr_line' id='line_1_33' title="bbox 235 4020 484 4088; baseline 0.008 -17"><span class='ocrx_word' id='word_1_323' title='bbox 235 4020 255 4085; x_wconf 88' lang='lat'>¹)</span> <span class='ocrx_word' id='word_1_324' title='bbox 270 4023 341 4073; x_wconf 90' lang='lat' dir='ltr'>Add.</span> <span class='ocrx_word' id='word_1_325' title='bbox 360 4025 484 4088; x_wconf 77' lang='lat' dir='ltr'>EngeruS.</span> 
     </span>
    </p>

    <p class='ocr_par' dir='ltr' id='par_1_7' title="bbox 234 4107 1279 4182">
     <span class='ocr_line' id='line_1_34' title="bbox 234 4107 1279 4182; baseline -0.007 -20"><span class='ocrx_word' id='word_1_326' title='bbox 234 4111 254 4174; x_wconf 86' lang='lat'>²)</span> <span class='ocrx_word' id='word_1_327' title='bbox 269 4107 427 4182; x_wconf 82' lang='grc' dir='ltr'><em>χερομυσής</em></span> <span class='ocrx_word' id='word_1_328' title='bbox 445 4113 565 4177; x_wconf 89' lang='lat' dir='ltr'>Aeschyl.</span> <span class='ocrx_word' id='word_1_329' title='bbox 586 4112 632 4162; x_wconf 91' lang='lat' dir='ltr'>Ch.</span> <span class='ocrx_word' id='word_1_330' title='bbox 651 4110 697 4160; x_wconf 88' lang='lat'>66:</span> <span class='ocrx_word' id='word_1_331' title='bbox 718 4111 856 4160; x_wconf 87' lang='lat' dir='ltr'>ePorsoni</span> <span class='ocrx_word' id='word_1_332' title='bbox 874 4111 1025 4167; x_wconf 80' lang='lat' dir='ltr'>coniectura,</span> <span class='ocrx_word' id='word_1_333' title='bbox 1048 4125 1094 4174; x_wconf 90' lang='lat' dir='ltr'>pro</span> <span class='ocrx_word' id='word_1_334' title='bbox 1109 4107 1279 4177; x_wconf 79' lang='grc' dir='ltr'><em>χαιρομυσῆ.</em></span> 
     </span>
    </p>

    <p class='ocr_par' dir='ltr' id='par_1_8' title="bbox 145 4193 1406 4442">
     <span class='ocr_line' id='line_1_35' title="bbox 235 4193 1406 4266; baseline -0.006 -16"><span class='ocrx_word' id='word_1_335' title='bbox 235 4197 254 4264; x_wconf 84' lang='lat'>3)</span> <span class='ocrx_word' id='word_1_336' title='bbox 272 4201 390 4251; x_wconf 86' lang='lat' dir='ltr'>Similiter</span> <span class='ocrx_word' id='word_1_337' title='bbox 400 4202 512 4251; x_wconf 87' lang='lat' dir='ltr'>Romani</span> <span class='ocrx_word' id='word_1_338' title='bbox 529 4202 667 4266; x_wconf 88' lang='lat' dir='ltr'>loquuntur</span> <span class='ocrx_word' id='word_1_339' title='bbox 681 4218 687 4250; x_wconf 91' lang='lat'>:</span> <span class='ocrx_word' id='word_1_340' title='bbox 702 4199 866 4259; x_wconf 86' lang='lat' dir='ltr'>committere,</span> <span class='ocrx_word' id='word_1_341' title='bbox 886 4215 1015 4249; x_wconf 88' lang='lat' dir='ltr'>conserere</span> <span class='ocrx_word' id='word_1_342' title='bbox 1027 4215 1138 4256; x_wconf 83' lang='lat' dir='ltr'>manum,</span> <span class='ocrx_word' id='word_1_343' title='bbox 1153 4197 1179 4244; x_wconf 93' lang='lat' dir='ltr'>in</span> <span class='ocrx_word' id='word_1_344' title='bbox 1191 4211 1293 4244; x_wconf 84' lang='lat' dir='ltr'>manum</span> <span class='ocrx_word' id='word_1_345' title='bbox 1305 4193 1406 4243; x_wconf 89' lang='lat' dir='ltr'>venire.</span> 
     </span>
     <span class='ocr_line' id='line_1_36' title="bbox 145 4283 1406 4354; baseline -0.007 -16"><span class='ocrx_word' id='word_1_346' title='bbox 145 4289 199 4338; x_wconf 86' lang='lat' dir='ltr'>vim</span> <span class='ocrx_word' id='word_1_347' title='bbox 218 4298 243 4338; x_wconf 91' lang='lat' dir='ltr'>et</span> <span class='ocrx_word' id='word_1_348' title='bbox 261 4305 351 4339; x_wconf 85' lang='lat' dir='ltr'>manus</span> <span class='ocrx_word' id='word_1_349' title='bbox 370 4290 471 4350; x_wconf 78' lang='lat' dir='ltr'>afferre3</span> <span class='ocrx_word' id='word_1_350' title='bbox 492 4291 654 4354; x_wconf 87' lang='lat' dir='ltr'>similiterque</span> <span class='ocrx_word' id='word_1_351' title='bbox 671 4305 737 4339; x_wconf 88' lang='lat' dir='ltr'>nos:</span> <span class='ocrx_word' id='word_1_352' title='bbox 752 4288 831 4338; x_wconf 88' lang='lat' dir='ltr'>Hand</span> <span class='ocrx_word' id='word_1_353' title='bbox 851 4289 968 4352; x_wconf 84' lang='lat' dir='ltr'>anlegen,</span> <span class='ocrx_word' id='word_1_354' title='bbox 993 4287 1163 4351; x_wconf 88' lang='lat' dir='ltr'>handgemein</span> <span class='ocrx_word' id='word_1_355' title='bbox 1181 4284 1291 4345; x_wconf 85' lang='lat' dir='ltr'>werden,</span> <span class='ocrx_word' id='word_1_356' title='bbox 1316 4283 1406 4330; x_wconf 88' lang='lat' dir='ltr'>Hand·</span> 
     </span>
     <span class='ocr_line' id='line_1_37' title="bbox 147 4393 282 4442; baseline 0.007 -16"><span class='ocrx_word' id='word_1_357' title='bbox 147 4393 282 4442; x_wconf 86' lang='lat' dir='ltr'>gemenge.</span> 
     </span>
    </p>
   </div>
   <div class='ocr_carea' id='block_1_5' title="bbox 233 4463 826 4531">
    <p class='ocr_par' dir='ltr' id='par_1_9' title="bbox 233 4463 826 4531">
     <span class='ocr_line' id='line_1_38' title="bbox 233 4463 826 4531; baseline -0.003 -15"><span class='ocrx_word' id='word_1_358' title='bbox 233 4463 255 4530; x_wconf 76' lang='lat'>⁴)</span> <span class='ocrx_word' id='word_1_359' title='bbox 274 4466 344 4516; x_wconf 90' lang='lat' dir='ltr'>Geist</span> <span class='ocrx_word' id='word_1_360' title='bbox 363 4468 390 4516; x_wconf 89' lang='lat' dir='ltr'>d.</span> <span class='ocrx_word' id='word_1_361' title='bbox 409 4467 486 4516; x_wconf 82' lang='lat' dir='ltr'>Rdm.</span> <span class='ocrx_word' id='word_1_362' title='bbox 505 4467 537 4515; x_wconf 93' lang='lat' dir='ltr'>R.</span> <span class='ocrx_word' id='word_1_363' title='bbox 557 4469 608 4516; x_wconf 87' lang='lat'>112</span> <span class='ocrx_word' id='word_1_364' title='bbox 626 4484 651 4531; x_wconf 92' lang='lat' dir='ltr'>p.</span> <span class='ocrx_word' id='word_1_365' title='bbox 673 4465 721 4530; x_wconf 84' lang='lat'>569</span> <span class='ocrx_word' id='word_1_366' title='bbox 742 4465 781 4516; x_wconf 90' lang='lat' dir='ltr'>ed.</span> <span class='ocrx_word' id='word_1_367' title='bbox 801 4478 826 4528; x_wconf 83' lang='lat'>3.</span> 
     </span>
    </p>
   </div>
   <div class='ocr_carea' id='block_1_6' title="bbox 0 0 1689 5284">
    <p class='ocr_par' dir='ltr' id='par_1_10' title="bbox 0 0 1689 5284">
     <span class='ocr_line' id='line_1_39' title="bbox 0 0 1689 5284; baseline 0 0"><span class='ocrx_word' id='word_1_368' title='bbox 0 0 1689 5284; x_wconf 95' lang='lat' dir='ltr'> </span> 
     </span>
    </p>
   </div>
  </div>
 </body>
</html>
